3202 5176
1008 194 1026 231 Ἰ

690 330 764 403 421

21 544 23 549 ’
156 546 222 624 ΙΧ.
248 547 311 622 DE
337 542 677 623 BENEEIGTIONE
701 542 764 621 E'l
790 542 1119 623 coabbatibus
1144 544 1290 626 REGIS.

438 682 501 759 Ex
525 680 1005 765 PontificaliBomano.

174 829 245 893 dnm
260 815 326 893 Rex
346 839 392 893 sat
413 831 598 895 coronandus
611 830 752 913 Episcopi
772 818 857 911 regni
870 831 908 894 ad
921 831 1067 895 civitatem
1080 831 1131 894 nbi
1142 831 1296 895 coronatio
1311 833 1376 895 deri

68 932 176 1012 debet,
194 942 404 997 convocentur.
445 935 509 997 liex
521 934 683 997 triduanam
696 935 839 997 ieiunium<
849 934 958 997 devote
971 936 1087 1017 peragit
1100 952 1155 1015 per
1162 933 1376 999 bebdomadarn

70 1036 296 1117 praecedentem
316 1034 457 1098 videlicet
476 1047 577 1118 quarte
598 1045 730 1098 etsextn
745 1037 819 1099 ieria
838 1036 1014 1099 etsabbato.
1053 1037 1293 1100 Dominicanero
1306 1055 1375 1118 pro·

68 1141 146 1200 xinnn
166 1140 304 1220 sequenti
324 1148 500 1216 coronatur,
520 1157 576 1220 qna
596 1140 663 1220 ipse
675 1139 741 1200 llex
761 1158 796 1201 se
813 1137 850 1202 ad
870 1140 1105 1202 commonionem
1123 1148 1215 1220 parat.
1241 1136 1375 1201 Ecclesia

67 1258 153 1319 nero,
167 1242 230 1322 ipse
243 1241 469 1322 metropolitane
481 1243 547 1304 siae
560 1240 743 1304 (letbedralis
756 1238 806 1304 abi
818 1240 988 1305 solemnitas
1002 1241 1201 1304 celebrabitur
1211 1250 1332 1323 paretur
1345 1249 1376 1304 et

67 1353 190 1405 ornetur
208 1362 268 1424 qno
287 1344 392 1405 melius
412 1344 477 1406 lieri
494 1346 616 1426 poterit.
653 1343 700 1406 Ad
721 1344 815 1407 altere
832 1346 923 1407 mains
942 1353 1082 1426 parantur
1095 1341 1135 1406 aa'
1143 1362 1219 1425 qnae
1232 1353 1375 1406 consueta

66 1454 135 1506 sunt
149 1447 263 1527 parari,
286 1445 430 1508 Pontidce
444 1445 633 1523 celebrante,
647 1455 677 1508 et
691 1447 840 1509 credentia
853 1448 935 1509 iaxta
946 1432 1039 1510 altaro
1052 1464 1117 1508 onan
1129 1445 1218 1508 rcbns
1231 1455 1374 1527 opposta·

67 1549 123 1609 nis
156 1549 254 1628 snper
266 1548 359 1609 altere
371 1549 490 1628 ponitur
502 1547 629 1626 gladius,
642 1565 753 1633 corona
766 1547 957 1630 atsceptrnu
970 1547 1047 1629 Regi
1059 1548 1153 1611 danda
1167 1547 1310 1611 etoleum
1320 1546 1374 1612 οο

67 1649 326 1728 teobanrenoram,
346 1649 477 1727 bombyx
495 1650 532 1712 ad
550 1648 697 1730 ligandum
712 1658 743 1712 et
754 1650 969 1730 extergendam
983 1649 1132 1712 brachium
1147 1649 1285 1731 Regiset
1298 1652 1375 1712 inter

66 1751 202 1832 ecepnles
215 1761 285 1832 port
298 1753 476 1829 unctionem,
490 1753 581 1815 laeda
593 1754 629 1815 sd
644 1752 793 1833 ligandam
803 1753 980 1831 bombycem
994 1754 1025 1814 in
1039 1751 1170 1816 brachio.
1209 1750 1332 1813 l’nratar
1343 1753 1374 1813 in

65 1852 200 1915 Ecclesia
221 1856 252 1915 in
270 1852 339 1916 loco
359 1857 537 1936 competenti
552 1850 694 1919 tbelamns
705 1857 770 1918 aiae
782 1858 956 1935 impetun
968 1872 1023 1937 pro
1036 1853 1138 1933 Rege,
1159 1852 1190 1915 in
1203 1871 1261 1934 qno
1275 1855 1314 1915 eit
1326 1870 1373 1915 re·

64 1956 141 2034 galis
161 1956 249 2018 sedes
269 1966 371 2019 ornata
387 1967 425 2018 et
439 1958 583 2020 tbaleruna
597 1959 664 2040 ipse
674 1960 714 2020 sit
728 1952 849 2021 ornatus
861 1959 966 2040 pennis
978 1956 1103 2020 sericeis
1118 1965 1148 2019 et
1160 1956 1282 2018 aulaeis.
1313 1954 1373 2016 Sed

62 2057 274 2120 advertendum
293 2068 340 2121 est
360 2058 438 2140 qaod
451 2060 706 2124 altitudo-thalami
719 2077 780 2123 uon
791 2062 1030 2141 sitmaiorqoem
1042 2059 1153 2138 gendes
1165 2075 1319 2140 supremus
1331 2057 1373 2120 el·

61 2163 144 2222 teris.
186 2161 307 2239 Paratur
320 2164 408 2224 ctiam
419 2163 450 2225 in
464 2162 533 2226 looo
549 2165 739 2226 convenienti
752 2165 926 2242 tentorium,
945 2165 1010 2225 siro
1023 2161 1153 2244 papilio,
1166 2161 1221 2223 sub
1235 2179 1293 2242 quo
1306 2158 1374 2222 ilex

62 2271 163 2325 vestm
176 2263 295 2340 regales
308 2280 363 2344 pro
378 2267 463 2343 mgni
476 2266 707 2341 cousuetudine,
729 2282 806 2347 quae
820 2265 927 2329 ibidem
941 2283 997 2346 pro
1011 2280 1048 2326 eo
1062 2273 1218 2345 parantur,
1231 2280 1286 2324 suo
1300 2271 1372 2324 tem·

63 2382 138 2446 pore
151 2366 267 2445 recipit
304 2362 343 2427 Et
358 2367 385 2428 si
396 2366 517 2446 Regina
530 2368 618 2429 etiam
631 2367 717 2430 simul
731 2377 778 2430 cst
791 2366 958 2430 coronanda
972 2374 1091 2448 perator
1104 2382 1159 2455 pro
1174 2382 1210 2426 ea
1222 2364 1297 2425 alins
1310 2363 1372 2426 tlra·

63 2469 166 2546 lamus,
181 2486 241 2530 non
255 2467 346 2546 longe
358 2485 375 2529 e
389 2470 485 2548 regio,
498 2469 552 2530 scd
566 2469 618 2532 illo
632 2468 840 2552 aliquantulum
850 2468 998 2548 humilior,
1012 2476 1044 2530 et
1051 2456 1166 2530 itesam
1174 2466 1301 2533 situendl
1310 2466 1373 2528 tba·
1451 2507 1452 2511 =

62 2568 148 2647 lami,
167 2578 200 2631 nt
218 2569 286 2631 inde
307 2572 425 2651 possint
434 2571 529 2634 rideri
544 2558 636 2634 elt'are
649 2580 680 2635 ct
692 2572 830 2635 Pontilex
845 2571 1011 2635 celebrans.
1049 2569 1191 2633 Parantar
1204 2570 1291 2652 etiem
1304 2576 1377 2657 antip,

61 2673 156 2734 altnre
174 2672 243 2733 binc
262 2681 292 2733 et
305 2673 374 2735 inde
386 2672 473 2735 sedes
488 2691 543 2755 pro
556 2691 679 2737 numero
694 2666 910 2756 Episcoporunn
925 2673 1110 2745 coronationi
1123 2673 1373 2765 interessendum.

62 2806 110 2821 -
125 2774 183 2836 bie
196 2785 291 2839 antem
305 2775 457 2839 Dominics
469 2792 527 2858 qua
539 2777 605 2839 Rex
619 2776 837 2840 benedicendus
852 2787 883 2840 et
893 2775 1081 2840 coronandus
1095 2784 1156 2854 est,
1170 2792 1273 2837 omues
1286 2773 1371 2855 Epis·

59 2878 129 2960 copi
145 2878 324 2941 conveniunt
336 2897 421 2941 manc
435 2881 466 2942 in
479 2879 613 2943 Ecclesia
625 2880 655 2942 in
668 2898 726 2965 psa
739 2881 796 2942 boc
807 2881 872 2944 deri
885 2880 990 2957 debet,
1005 2886 1035 2939 et
1048 2876 1293 2959 llctropolitenns
1305 2878 1372 2939 sire

60 2980 200 3041 Pontilex
219 2980 255 3042 nd
269 2999 355 3061 qaam
369 2991 501 3063 spectet,
520 2991 605 3064 paret
616 3002 651 3045 se
665 2983 836 3046 solemniter
850 3002 913 3045 cunr
928 2968 1084 3059 ministris,
1106 2979 1225 3043 lliesern
1239 2978 1371 3042 celebra·

61 3089 164 3155 taras,
183 3081 360 3160 paramentis
375 3088 501 3165 tempori
515 3087 770 3148 convenientibus
808 3085 949 3169 Episcopi
961 3101 1035 3146 varo
1049 3082 1207 3145 indnuntur
1220 3075 1309 3162 supra
1322 3098 1372 3143 ro·

61 3181 176 3242 cinctam
190 3179 254 3256 (rel
264 3199 355 3262 snpra
367 3187 631 3265 superpelliceum,
645 3189 672 3248 si
686 3190 745 3249 siat
761 3188 912 3267 religiosi)
926 3189 1050 3264 amictu,
1063 3185 1151 3263 stole,
1166 3183 1288 3264 pluviali
1300 3182 1370 3254 elbo

60 3292 91 3344 ct
103 3284 188 3345 mitrn
205 3284 353 3364 simplici„
380 3285 493 3360 Quibus
506 3286 641 3349 omnibus
653 3291 779 3368 paretis,
792 3289 1037 3370 lletropolitanus
1051 3288 1081 3349 in
1094 3287 1289 3349 laldietorinnr
1301 3293 1371 3346 ante

59 3384 185 3446 medinm
205 3386 305 3448 altaris
319 3389 418 3468 posito
431 3389 516 3452 sedet
529 3408 594 3451 cnm
608 3391 691 3453 mitae
706 3400 735 3452 et
747 3389 890 3471 Episcopi
903 3392 997 3472 parati
1013 3389 1082 3450 binc
1095 3398 1126 3451 et
1138 3387 1207 3450 inde
1220 3404 1311 3469 snper
1323 3405 1370 3449 se·

59 3488 144 3550 dibus
158 3507 212 3570 pro
228 3490 272 3551 eis
286 3492 395 3570 paratis
412 3493 493 3571 quasi
507 3493 536 3552 in
550 3491 666 3554 modum
680 3511 810 3556 coronae
822 3493 972 3570 sedentes,
986 3492 1043 3555 sibi
1057 3493 1208 3553 assistunt.
1249 3489 1369 3552 Interim

58 3590 125 3653 aex
141 3592 273 3653 vestibus
287 3592 460 3656 militaribus
472 3594 606 3674 indutus,
624 3612 691 3657 cnm
702 3597 766 3656 suis
781 3595 922 3658 Praelatio
936 3594 1107 3657 domesticis
1120 3610 1180 3657 noa
1194 3595 1321 3675 paretis,
1334 3611 1369 3655 ac

55 3693 238 3773 Beronibus,
257 3693 412 3757 Nobilibus
429 3705 460 3758 et
478 3696 543 3758 eliis
558 3698 640 3760 venit
653 3697 690 3759 ad
703 3697 866 3760 Ecclesia·
878 3707 912 3760 et
923 3716 990 3759 curn
1003 3697 1094 3759 inerit
1104 3713 1199 3778 prope
1215 3697 1371 3778 presbyte

56 3797 148 3874 mom,
168 3795 227 3859 dao
247 3798 364 3879 priores
376 3795 518 3880 Episcopi
534 3818 572 3862 ex
585 3802 711 3881 paretis,
731 3804 855 3863 saniant
866 3802 896 3862 ei
910 3800 1029 3863 obeiann
1043 3806 1073 3862 et
1086 3817 1151 3861 cnm
1164 3800 1260 3862 mitris
1273 3799 1369 3878 capita

55 3898 99 3961 illi
117 3898 327 3979 aliquantalum
340 3900 533 3981 inclinantes,
562 3904 656 3983 ipsum
669 3903 747 3965 inter
759 3920 794 3964 so
807 3903 948 3981 medinm,
969 3902 1080 3965 birreto
1094 3900 1253 3984 deposito,
1273 3915 1368 3979 nsque

54 4009 124 4064 ante
136 4000 394 4083 lletropolitnnunn
414 4003 577 4082 deducunt,
599 4007 646 4068 cni
660 4006 726 4068 liex
737 4016 825 4087 ceput
838 4006 999 4084 inclinans,
1018 4004 1155 4068 humilem
1170 4003 1369 4066 reverentiam

55 4105 193 4182 exbibet,
212 4124 268 4186 qne
280 4106 373 4184 lecta,
388 4107 471 4188 prior
484 4107 699 4190 Episcoporsru
714 4107 918 4171 deducentium
932 4118 1031 4185 stans,
1046 4108 1166 4170 detecto
1180 4106 1289 4185 capite,
1300 4120 1367 4164 rer·

55 4224 107 4268 sos
126 4208 162 4269 nd
179 4207 436 4289 lletropolttannm
456 4209 529 4272 dicit
541 4211 722 4289 intelligibili
736 4228 825 4274 roco:
849 4201 1150 4276 Reverendissime
1167 4206 1283 4294 paler,
1304 4217 1367 4293 pm

55 4298 158 4379 atnlet
180 4313 297 4374 sancte
315 4313 424 4375 mutar
436 4302 595 4378 Ecclesia
614 4303 795 4395 catholice,
818 4314 855 4377 ut
871 4313 1087 4402 praesentem
1107 4302 1285 4394 egregium
1305 4301 1366 4370 mi·

55 4403 150 4473 litem
171 4403 214 4474 ad
235 4404 584 4500 dignilalem'dcgiam
597 4405 793 4482 sublevetis.
826 4417 993 4496 lntemogat
1007 4412 1271 4493 Metropolitanus:
1290 4400 1365 4475 Sci-

53 4505 98 4576 tis
115 4503 211 4576 illum
231 4527 309 4582 esse
333 4507 470 4603 dignum
493 4518 527 4581 et
546 4510 663 4583 utilem
686 4508 729 4581 ad
750 4509 837 4582 benc
858 4505 1083 4604 dignitatem?
1118 4515 1172 4577 ille
1187 4512 1365 4594 respondet:

53 4605 99 4679 Et
116 4609 276 4685 novimus
296 4622 331 4684 et
352 4613 523 4687 credimus
543 4632 621 4685 enm
641 4634 722 4689 esse
741 4613 880 4708 dignum
903 4623 936 4685 et
957 4609 1074 4690 utilem
1095 4608 1276 4685 Ecclesiae
1297 4606 1364 4679 Dei
