3202 5176
750 387 756 396 ¹
807 254 905 367 'eoa

110 569 115 577 .
206 497 312 573 olesia,
334 513 394 559 nou
409 494 515 568 lilium,
536 489 590 552 sed
605 491 752 553 inimicum
767 500 797 552 et
812 497 1036 573 persecutorem
1049 485 1184 567 recipiat
1222 485 1276 548 llis
1290 485 1425 548 breviter
1439 485 1532 549 dictis

207 610 237 662 et
250 598 406 680 expositis,
421 595 579 676 poenitens
594 604 770 674 sequentem
783 594 851 656 lidei
865 591 1086 675 professionem
1100 591 1224 666 emittat,
1236 597 1287 650 aut
1300 606 1364 652 eum
1379 589 1528 669 legendo,

205 711 254 764 aut
268 701 370 763 saltent
384 698 420 760 ad
433 696 552 776 singula
565 696 735 758 Sacerdotis
749 696 934 774 interrogata
951 690 1176 783 respondendo.

674 888 903 964 Professio
929 889 1050 961 iidei.

307 1060 385 1154 Ego
409 1058 449 1130 N.
478 1059 573 1130 firma
600 1059 667 1131 lide
698 1059 862 1131 credo'et
887 1055 1054 1155 profiteor
1077 1057 1189 1126 omnia
1213 1063 1247 1125 et
1273 1054 1409 1146 singula
1437 1078 1529 1151 quae

206 1165 424 1235 continentur
449 1165 485 1232 in
511 1161 671 1256 symbolo
697 1162 789 1251 iidei,
817 1184 884 1257 quo
909 1160 1035 1234 Sancta
1056 1158 1212 1229 Romana
1233 1154 1393 1228 Ecclesia
1419 1161 1529 1230 utitur

205 1266 390 1335 videlicet:
419 1260 534 1334 Credo
561 1267 595 1334 in
615 1287 721 1352 unum
744 1263 857 1337 Deum
877 1264 1013 1336 Patrem
1034 1263 1321 1355 omnipotentem,
1356 1258 1528 1332 factorem

208 1366 298 1437 caeli
321 1377 354 1437 et
375 1377 492 1437 terrae
515 1377 578 1441 cto.
601 1365 632 1436 ut
656 1395 684 1456 p.
705 1374 757 1438 66.

307 1484 530 1579 Apostolicas
548 1494 582 1556 et
602 1484 866 1559 Ecclesiasticas
885 1483 1116 1572 Traditiunes,
1132 1481 1354 1574 reliquasque
1370 1480 1526 1552 eiusdem

206 1584 388 1661 Ecclesiae
411 1585 673 1660 observationes
700 1585 891 1660 firmissime
911 1587 1051 1657 admitto
1075 1594 1108 1655 et
1132 1582 1331 1680 amplector,

158 1786 163 1800 Ι
307 1703 394 1779 Item
419 1726 553 1778 sacram
580 1702 791 1800 Scripturam
817 1709 913 1778 iuxta
940 1727 1018 1775 eum
1045 1723 1197 1790 sensmn,
1226 1722 1329 1794 quem
1354 1703 1464 1771 tenuit
1490 1709 1525 1770 et

204 1813 299 1875 tenet
322 1815 440 1882 sancta
466 1815 575 1879 mater
595 1805 771 1896 Ecclesia,
800 1811 897 1880 cuius
921 1817 973 1879 est
999 1806 1152 1878 iudicare
1181 1800 1225 1873 de
1246 1823 1335 1874 vero
1357 1824 1464 1875 sensu
1490 1810 1526 1872 et

183 1910 484 2003 >interpretatione
514 1930 688 1981 sacrarum
715 1913 980 2005 scripturarum,
1005 1909 1159 1999 admitto,
1183 1925 1250 1994 uec
1277 1926 1354 1977 eam
1373 1925 1524 1998 unquam

140 2082 142 2088 ,
203 2010 270 2085 nisi
295 2010 390 2084 iuxta
413 2012 606 2080 unanimem
627 2032 832 2083 consensum
855 2012 993 2083 Patrum
1016 2012 1181 2106 accipiam
1203 2017 1238 2078 et
1257 2006 1523 2103 interpretabor.

243 2118 248 2125 '
307 2109 476 2186 Profiteor
498 2134 565 2210 quo
591 2134 635 2182 uc
655 2121 786 2208 septem
808 2135 887 2185 esse
905 2135 991 2187 vere
1009 2122 1043 2184 et
1060 2112 1201 2208 proprie
1220 2105 1445 2183 Sacramenta
1461 2130 1524 2178 no·

203 2232 271 2302 uae
292 2210 397 2304 Legis
418 2234 438 2281 a
461 2209 543 2286 Iesu
569 2134 704 2286 Ehristo
730 2214 878 2287 Domino
906 2226 1027 2287 nostro
1049 2217 1212 2299 instituta,
1237 2222 1339 2310 atque
1363 2210 1406 2282 ad
1433 2210 1524 2313 salu-

203 2321 273 2382 tem
295 2312 432 2402 humaui
457 2317 614 2405 generis,
637 2315 718 2386 licet
743 2338 814 2388 nou
834 2319 947 2387 omnia
973 2317 1117 2409 singulis
1143 2316 1360 2414 neccssaria,
1390 2312 1554 2388 scilicet‘

202 2413 425 2509 Baptismum,
446 2412 756 2506 Confirmationem,
769 2418 1030 2506 Eucharistiam,
1049 2418 1310 2504 Poenitentiam,
1322 2414 1523 2487 Extremam

82 2543 84 2548 ⁸
203 2514 427 2605 Unctionem,
464 2515 626 2588 Ordinem
655 2529 689 2590 et
717 2518 987 2609 Matrimonium,
1016 2521 1143 2613 illaque
1173 2522 1316 2610 gratiam
1346 2516 1522 2605 conferre,

203 2626 239 2691 et
260 2639 307 2695 ex
328 2618 380 2693 his
401 2619 623 2715 Baptismum,
647 2616 946 2696 confirmationem
969 2632 1003 2694 et
1025 2621 1201 2711 Ordinem,
1223 2625 1297 2694 sine
1319 2619 1521 2713 sacrilegio,

201 2722 363 2796 reiterari
384 2742 591 2817 non-posse.
917 2804 921 2811 ,
1427 2806 1431 2813 ‚
1523 2759 1528 2769 ·

304 2821 480 2917 Receptus
507 2846 645 2920 quoque
675 2834 710 2899 et
737 2824 944 2920 approbatos
962 2816 1145 2900 Ecclesiae
1163 2819 1361 2899 Catholicae
1378 2824 1465 2896 ritus
1484 2823 1521 2891 in

201 2922 476 3018 supradictorum
496 2928 645 2997 omnium
664 2936 956 3001 sacramentorum
976 2928 1122 3001 solemni
1140 2927 1444 3014 administratione,
1464 2945 1521 2994 re-

202 3025 291 3123 cipio
315 3033 349 3100 ct
370 3022 520 3097 admitto.
587 3022 590 3027 ’
672 3104 675 3109 ,
1280 3108 1314 3129 ‚¹

306 3123 425 3198 Omnia
453 3136 488 3197 et
508 3126 661 3218 singula,
693 3150 780 3220 quac
808 3128 851 3204 de
872 3140 1016 3225 peccato
1047 3129 1205 3224 originali
1233 3137 1267 3200 et
1290 3120 1338 3200 de'
1359 3125 1520 3200 iustifica-

160 3255 165 3262 ’
200 3228 294 3301 tione
320 3229 355 3296 in
382 3237 603 3315 sacrosancta
628 3226 827 3301 Tridentino
854 3229 999 3326 Synodo
1027 3231 1162 3304 delinita
1189 3241 1223 3303 et
1237 3229 1417 3307 declarata
1439 3228 1518 3299 fue-

198 3336 295 3416 runt,
323 3328 514 3422 amplector
539 3339 575 3400 et
595 3332 736 3424 recipio

302 3429 472 3505 Profiteor
491 3435 619 3526 pariter
641 3435 675 3502 in
690 3430 795 3506 Missa
812 3431 930 3506 offerri
945 3432 1023 3504 Deo
1041 3455 1176 3522 verum,
1193 3434 1369 3533 proprium
1387 3439 1421 3502 et
1434 3451 1520 3526 pro·

198 3529 405 3623 pitiatorium
426 3532 630 3612 sacrificium
656 3556 720 3629 pro
746 3535 837 3619 rivis
865 3543 899 3604 et
911 3532 1103 3623 defunctis,
1124 3545 1226 3629 atque
1243 3537 1279 3605 in
1300 3535 1519 3609 sanctissimo

198 3627 438 3713 Eucharistiae
460 3644 675 3713 sacramento
698 3657 776 3708 esse
798 3634 897 3723 vere,
921 3635 1061 3712 realiter
1083 3647 1117 3712 et
1141 3636 1407 3711 substantialiter
1432 3631 1520 3704 Cor-

37 3744 41 3751 “
89 3798 96 3816 ,
198 3753 263 3826 pus
284 3741 318 3803 et
341 3729 563 3828 Sanguinem,
584 3759 750 3814 uua-cum
771 3740 881 3808 anima
902 3746 936 3809 et
957 3737 1132 3810 divinitate
1152 3730 1290 3810 Domini
1308 3736 1418 3810 nostri
1437 3734 1520 3810 Iesu

199 3829 344 3922 Christi,
372 3833 514 3929 fierique
545 3841 809 3911 conversionem
831 3841 935 3912 totius
962 3838 1171 3912 substantiae
1196 3843 1293 3936 panis
1319 3843 1354 3910 in
1382 3835 1521 3932 Corpus

150 3986 152 3991 -
198 3944 233 4005 et
245 3936 358 4029 ¹totius
379 3935 586 4014 substantiae
605 3942 675 4012 vini
696 3943 732 4012 iu
750 3943 962 4034 sanguinem,
984 3964 1084 4035 quarn
1104 3943 1369 4015 conversionem
1390 3936 1521 4010 Catho-

197 4035 263 4111 lica
286 4034 447 4112 Ecclesia
469 4037 896 4117 Tranesuhstuutiationem
921 4043 1082 4138 appellat.
1343 4124 1347 4133 ,

299 4137 428 4210 Fateor
450 4142 551 4210 etiam
577 4144 639 4216 sub
661 4145 769 4217 ultera
790 4156 919 4217 tantum
941 4147 1060 4240 specie
1083 4153 1192 4216 totum
1214 4152 1317 4238 utque
1341 4145 1520 4235 integrum

199 4233 371 4311 cunctum.
391 4262 582 4336 verumque
609 4240 866 4318 Sacramentum
888 4241 984 4320 sumi.

301 4336 505 4416 constanter
530 4354 634 4441 teneo
661 4345 902 4440 Purgatorium
928 4370 1030 4438 esse,
1059 4351 1259 4444 animasque
1284 4346 1331 4418 ibi
1358 4345 1521 4418 detentas

197 4436 347 4516 fidelium
368 4443 539 4537 suffragiis
561 4447 683 4521 iuvari.
994 4454 999 4459 '
1205 4524 1213 4531 ,
1402 4526 1408 4535 ,

300 4542 463 4616 Similiter
486 4556 520 4616 et
540 4555 691 4635 sanctos,
717 4568 784 4616 una
811 4569 888 4618 cum
912 4544 1046 4624 Christo
1067 4560 1265 4646 regnantes,
1292 4548 1521 4624 venerandos
