3202 5176
803 277 878 345 285

176 457 273 538 dium
307 463 359 530 est
385 453 519 547 angelis
546 451 613 524 Dei
639 472 744 551 super
770 476 839 528 nno
868 467 1054 553 peccatore
1087 461 1331 554 poenitentiam
1361 476 1497 557 agente.

178 568 245 646 Qua
257 567 334 630 dieta
349 567 438 628 trahit
453 565 552 644 illum,
574 583 661 645 quem
674 577 874 647 manutenet,
894 578 924 639 et
936 569 988 630 ille
1002 569 1077 631 alios
1092 571 1203 633 ducens
1223 591 1275 634 eos
1289 593 1382 655 usque
1396 577 1432 638 ed
1444 578 1498 641 ial-

178 666 334 733 distor‘inm
347 670 378 732 in
392 667 490 731 medio
508 668 656 731 ecclesiae
669 679 809 750 paratum.
837 671 874 732 Et
890 671 930 732 ibi
945 691 1107 734 conversus
1122 673 1159 734 ad
1172 674 1250 737 illius
1264 693 1362 752 genua
1377 677 1497 742 beaten·
1518 695 1520 698 ·

177 782 226 837 ter
244 772 364 835 inchoat
381 772 596 852 Antiphonem:
616 761 760 858 Oportet
779 773 814 834 te
834 763 882 836 fili
904 766 1058 857 gaudere
1081 769 1159 862 quia
1178 767 1285 842 irater
1307 778 1385 846 tuns
1405 794 1498 846 mor·

176 875 257 939 tuus
279 864 394 939 fuerat
413 875 448 937 et
473 867 621 938 revixit:
644 867 795 960 perierat
817 877 852 939 et
873 869 1033 941 inventus
1058 879 1119 942 est.

227 1043 229 1048 ,
282 977 347 1053 Qua
366 976 443 1039 diota
467 977 538 1062 dicit
557 977 719 1039 inmodum
733 978 896 1041 Orationis:
928 969 1150 1067 Omnipotens
1172 971 1267 1046 Dens
1290 995 1356 1047 vos
1383 974 1497 1049 absol·

176 1079 237 1144 nat
257 1069 300 1142 ab
324 1071 416 1142 omni
435 1071 575 1143 vinculo
595 1081 830 1166 peccatorum,
848 1082 885 1144 nt
904 1071 1058 1148 habeatis
1073 1065 1183 1147 ¹vitam
1197 1083 1232 1145 et
1244 1077 1379 1149 vivatis.
1418 1078 1495 1149 Per.

279 1181 396 1245 Deinde
420 1182 491 1245 dicit
503 1200 594 1262 super
613 1182 682 1244 illos
695 1201 771 1246 voce
783 1186 926 1246 mediocri
942 1185 1016 1246 hane
1028 1187 1261 1263 Praefationem:
1288 1177 1357 1250 Per
1384 1182 1497 1250 omniu

176 1275 318 1350 saecula
337 1285 403 1347 etc.
428 1303 522 1366 usquc
545 1285 581 1347 ad
607 1273 740 1351 Gratias
770 1299 912 1371 agamus
932 1278 1080 1352 Domino
1103 1279 1180 1351 Deo
1203 1289 1323 1354 nostro
1347 1298 1378 1351 rt
1398 1309 1428 1371 p.
1445 1285 1497 1353 78.

225 1405 228 1412 ⁷
277 1376 373 1448 Vere
387 1378 527 1470 dignum
541 1387 575 1450 et
589 1382 713 1452 iustum
728 1390 797 1471 est,
824 1402 971 1476 aequum
985 1391 1019 1454 et
1032 1383 1183 1457 salutare
1197 1404 1262 1455 nos
1281 1383 1341 1455 tibi
1360 1404 1498 1479 semper

177 1488 212 1550 et
230 1480 357 1575 ubique
381 1483 508 1571 gratias
528 1504 648 1573 agere,
666 1480 813 1553 Domine
836 1488 974 1573 sancte,
989 1485 1092 1555 Pater
1113 1489 1341 1581 omnipotens,
1355 1497 1498 1558 aeterne

175 1581 273 1655 Deus
287 1604 350 1675 per
367 1581 727 1654 ChristumDominum
745 1595 912 1670 nostrum.⁴
937 1584 1049 1668 Quem
1063 1591 1278 1682 omnipotens
1292 1590 1428 1680 genitor
1446 1591 1496 1658 in·

175 1681 359 1757 effabiliter
371 1686 468 1758 nasci
482 1684 636 1774 voluisti,
650 1694 686 1756 ut
700 1685 849 1757 debitum
859 1686 960 1758 Adae
975 1687 1035 1759 tibi
1049 1689 1268 1782 persolveret
1281 1697 1423 1758 aeterno
1432 1689 1496 1759 Pa·

175 1787 240 1875 tri,
266 1789 481 1880 mortemque
501 1797 652 1861 nostram
674 1810 736 1861 sna
755 1787 984 1878 interficeret,
1000 1790 1146 1862 vulnera
1159 1798 1277 1864 nostra
1292 1791 1326 1859 in
1340 1811 1404 1863 suo
1419 1811 1497 1861 cor·

154 1950 158 1956 ⁴
174 1909 263 1984 pore
284 1886 404 1977 ferrat,
426 1898 632 1983 nostrasque
645 1891 796 1965 maculas
809 1894 977 1984 sanguine
991 1914 1055 1965 suo
1072 1891 1230 1981 dilueret,
1245 1901 1282 1962 ut
1298 1894 1354 1986 qui
1368 1893 1497 1985 antiqui

174 1988 284 2064 hostis
303 2007 544 2065 corrueremus
558 1992 685 2064 invidia
699 2003 734 2064 et
747 1994 855 2088 ipsius
870 2014 1134 2086 resurgeremus
1149 1993 1339 2065 clementia.
1368 1991 1419 2062 Te
1432 2015 1496 2089 per

175 2113 268 2180 eum,
287 2092 447 2182 Domine,
469 2094 644 2190 supplices
658 2117 823 2188 rogamus
837 2118 879 2167 ac
891 2100 1038 2191 petimus
1052 2106 1088 2168 ut
1101 2118 1165 2191 pro
1182 2096 1328 2167 aliorum
1341 2097 1496 2168 excessi-

173 2191 239 2267 hus
252 2215 316 2268 nos
331 2194 483 2286 digneris
497 2197 675 2287 exaudire,
690 2201 747 2291 qui
759 2221 823 2294 pro
837 2201 962 2273 uostris
976 2220 1047 2271 non
1060 2197 1246 2272 sufficimus
1261 2217 1420 2266 exorare,
1442 2194 1495 2267 Tu

173 2297 279 2387 igitur
296 2297 565 2390 ‚clementissime
591 2299 751 2390 Domine,
778 2300 842 2373 hos
864 2300 1013 2372 famulos
1032 2310 1110 2367 tuos
1135 2315 1222 2388 quos
1246 2317 1266 2365 a
1291 2305 1327 2367 te
1356 2317 1494 2397 separa-

174 2405 301 2469 verunt
319 2395 447 2490 flagitia
468 2399 511 2471 ad
531 2409 565 2470 tc
586 2403 864 2496 revocapietata
884 2396 1004 2496 solital
1045 2395 1098 2464 Tu
1119 2417 1266 2490 namque
1285 2419 1352 2467 nec
1370 2397 1493 2469 Achab

173 2499 412 2575 scelestissimi
437 2498 703 2575 humiliationem
725 2496 926 2589 despexisti,
953 2495 1016 2568 sed
1040 2496 1224 2568 vindictam
1246 2496 1394 2570 debitam
1413 2520 1494 2594 pro-

173 2601 298 2673 telem,
351 2603 491 2684 Ferrum
512 2616 649 2690 quoque
676 2595 909 2667 lacrimantem
936 2599 1106 2671 exaudisti
1131 2600 1319 2693 clavesque
1340 2610 1493 2694 postmo-

175 2703 255 2774 dum
277 2703 441 2777 coelestia
463 2700 565 2789 regni
587 2699 655 2792 >ipsi
676 2696 844 2771 tradidisti
866 2708 900 2769 et
920 2698 1094 2771 confitenti
1119 2701 1245 2772 latroni
1266 2704 1366 2791 regni
1393 2723 1494 2797 prae·

172 2808 241 2877 mia
266 2799 459 2901 promisisti
504 2798 615 2892 Ergo,
639 2800 904 2874 clementissine
919 2801 1080 2891 Domine,
1100 2801 1164 2875 hos
1186 2823 1250 2897 pro
1272 2802 1393 2896 quibus
1415 2825 1491 2897 pre·
1558 2876 1559 2880 ,

173 2929 234 2982 ees
251 2908 311 2979 tibi
328 2901 512 2991 fundimus,
533 2903 686 2974 clemens
702 2902 872 2995 recollige
891 2913 926 2974 et
942 2913 1022 2974 tuae
1037 2904 1208 2977 ecelesiae
1222 2906 1355 2996 gremio
1370 2905 1492 2995 redde,
1512 2971 1514 2974 Α

173 3019 211 3099 pt
230 3027 444 3099 nequaquam
465 3005 509 3076 de
535 3007 576 3078 iis
598 3006 714 3077 valeat
739 3005 949 3102 triumphare
971 3005 1099 3094 hostis,
1127 3004 1189 3080 sed
1211 3006 1271 3080 tibi
1291 3007 1493 3079 reconciliet

138 3072 262 3185 Mutius
283 3105 343 3177 tibi
365 3107 578 3200 coaequalis,
606 3107 833 3201 emundatque
857 3129 919 3182 eos
937 3108 980 3180 ab
1003 3110 1095 3180 omni
1113 3107 1269 3180 facinore
1291 3116 1326 3178 et
1350 3107 1394 3178 ad
1412 3117 1491 3179 tuae

173 3209 424 3289 sacratissimae
446 3231 578 3283 coenae
600 3208 706 3305 dapes
729 3209 888 3302 dignetur
909 3210 1096 3283 admittere.
1152 3207 1279 3304 Sicque
1301 3231 1364 3284 sua
1387 3230 1491 3281 carne

170 3322 208 3389 et
232 3313 399 3409 sanguine
418 3310 561 3401 reliciat,
584 3322 620 3386 ut
641 3320 720 3406 post
739 3311 838 3386 huius
856 3314 949 3384 vitae
973 3333 1111 3384 cursum
1133 3311 1176 3382 ad
1195 3311 1361 3383 eoelestia
1382 3331 1492 3402 regna

172 3414 347 3512 perducat.
403 3424 490 3498 Quod
510 3424 644 3502 seqnitur
659 3423 729 3484 dicit
741 3424 817 3489 elam
827 3423 961 3511 ,legendo
996 3412 1093 3487 Iesus
1119 3409 1273 3488 Christus
1300 3411 1389 3484 filins
1404 3420 1491 3486 *inus
1523 3427 1542 3444 ”

171 3517 340 3589 Dominus
358 3525 487 3587 noster.
540 3513 611 3597 Qui
629 3525 741 3586 tecum
767 3518 854 3588 vivit
876 3523 910 3585 et
934 3523 1059 3606 regnat
1076 3515 1112 3583 in
1127 3514 1255 3583 unitate
1279 3523 1343 3585 etc.
1369 3583 1372 3588 .

253 3674 256 3680 .
277 3626 466 3702 Praefatione
486 3626 566 3686 linita
580 3626 612 3687 P.
627 3615 717 3704 super
730 3626 926 3688 faldistorium
942 3634 972 3687 et
985 3625 1109 3685 ministri
1123 3642 1213 3704 super
1226 3626 1334 3705 tapetia
1350 3633 1380 3686 et
1394 3626 1490 3687 clerus

171 3740 204 3793 et
224 3722 353 3810 populus
374 3728 412 3789 ad
431 3737 539 3790 terram
560 3736 789 3808 prosternuntur
804 3737 834 3788 et
848 3726 958 3789 Cantor
971 3727 1092 3789 inchoet
1106 3714 1214 3787 Schola
1228 3736 1431 3808 prosequente
1443 3744 1491 3787 se·

171 3840 313 3914 quantem
331 3829 545 3911 Antiphonem:
569 3819 638 3893 Cor
652 3821 814 3894 mnndum
827 3842 908 3893 crea
921 3824 956 3891 in
968 3842 1024 3889 me
1035 3819 1130 3893 Dens
1146 3828 1179 3890 el
1192 3821 1346 3914 spiritum
1358 3829 1491 3892 reolum

171 3928 301 3999 innova
327 3925 363 3994 in
384 3924 577 3998 visceribus
597 3926 692 3997 meis.
734 3922 857 3996 Psalm.
898 3921 1066 3997 Miserere
1087 3924 1155 3992 mei
1174 3921 1270 3997 Deus
1291 3910 1488 3996 secundum.

172 4027 296 4102 Psalm.
319 4023 488 4098 Miserere
511 4028 577 4096 mei
604 4025 699 4100 Deus
721 4026 880 4119 quoniam
900 4025 1124 4098 conculcavit.
1171 4023 1296 4096 Psalm.
1322 4020 1490 4093 Miserere

171 4131 241 4202 mei
266 4128 362 4201 Dens
382 4129 549 4199 miserere
571 4128 651 4198 mei.
696 4135 808 4210 Quibus
823 4134 908 4198 dietis
922 4135 954 4197 P.
971 4134 1007 4196 ab
1023 4134 1301 4225 accubitutsurgens
1315 4130 1387 4190 dicit
1400 4146 1491 4208 super

172 4241 379 4320 poenitentes:
408 4228 516 4324 Kprie
541 4228 684 4302 eleison.
731 4224 866 4310 Christe
888 4229 1031 4300 eleison.
1073 4225 1182 4322 Kyrie
1202 4226 1346 4295 eleison.
1387 4221 1491 4294 Pater

170 4341 302 4405 noster.
351 4331 499 4404 Domine
527 4352 598 4401 non
625 4329 813 4403 secundum
838 4338 980 4426 peccata
1005 4338 1123 4403 nostra
1148 4327 1255 4399 facias
1282 4321 1391 4398 nobis.
1444 4326 1488 4412 M·

171 4426 296 4528 Neque
322 4434 509 4507 secundnm
538 4434 731 4528 iniquitates
761 4441 897 4506 nostras
915 4431 1091 4504 'retribuas
1117 4426 1227 4501 nobis.
1271 4425 1419 4498 Domine
1445 4444 1490 4492 ne

169 4530 369 4614 ¹niemineris
395 4538 606 4632 iniquitatum
632 4544 827 4610 nostrarum
846 4537 1073 4629 antiquarum.
1125 4534 1168 4620 tir.
1202 4523 1278 4601 Cito
1306 4528 1490 4623 anticipent
