3202 5176
754 338 830 411 435

137 534 264 600 rantur.
295 534 359 611 Qua
372 543 486 598 cantata
501 533 679 597 reducuntur
691 551 708 596 ιι
721 533 862 595 matronis
875 531 1032 615 praedictis
1046 531 1082 596 111
1095 531 1161 596 1111
1174 551 1225 595 sun
1240 531 1358 595 1111111
1372 531 1446 594 duaa

138 648 297 720 sequentes
311 648 536 719 praesentantur
550 637 639 699 modo
654 639 826 717 praemisso.
866 635 1007 698 Omnibus
1023 655 1096 715 ergo
1109 639 1153 698 sic
1165 634 1352 718 desponsatis
1367 644 1397 697 ct
1409 632 1446 696 111

139 743 205 803 loca
222 761 273 803 aua
288 741 441 818 reductis,
457 761 559 802 omnes
573 740 751 819 genuflexus
765 738 849 800 simul
864 740 963 802 lavant
977 743 1006 801 in
1020 740 1107 801 altum
1123 750 1153 801 ct
1172 739 1330 801 ostendunt
1345 739 1447 799 ‹lante-

138 864 187 905 ras
209 864 309 906 manns
330 854 481 906 cantantes
494 845 568 906 hanc
583 843 795 923 Antiphonem:
821 832 960 905 Annulo
988 856 1051 908 suo
1078 832 1271 908 subarravit
1297 855 1352 904 nte
1377 832 1449 902 Do-

138 941 249 1010 minus
274 960 372 1012 meus
398 938 496 1011 Iesus
519 937 671 1010 Christus
696 947 729 1008 et
749 945 908 1031 tanquam
930 957 1090 1031 sponsum
1112 937 1288 1009 decoravit
1315 956 1369 1006 ma
1390 954 1448 1005 co-

138 1063 233 1111 rona.
281 1049 396 1111 Deinde
410 1049 548 1111 Pontifex
568 1068 631 1110 cum
652 1050 735 1109 mitra
756 1050 852 1125 surgit
872 1057 901 1109 ct
921 1058 1001 1109 stans
1015 1068 1120 1111 versus
1140 1047 1175 1110 111
1192 1049 1256 1109 illas
1271 1047 1356 1108 nictu:
1382 1037 1449 1108 Be*-

138 1142 320 1235 ne†dicat
341 1166 407 1216 vos
428 1143 585 1215 conditor
606 1143 695 1214 coeli
717 1152 750 1212 et
769 1151 884 1212 terrac
905 1141 1001 1214 Deus
1021 1143 1124 1215 Pater
1144 1144 1370 1237 omnipotens,
1393 1139 1450 1235 qui

138 1267 205 1319 vos
233 1246 365 1338 eligere
387 1245 544 1339 diguatus
571 1255 636 1337 est,
663 1244 705 1315 ad
731 1243 854 1314 heatae
879 1241 1010 1315 Mariae
1036 1247 1151 1317 matris
1179 1243 1316 1316 Domini
1340 1242 1449 1316 nostri

138 1346 218 1421 Iesu
241 1345 367 1421 Christi
393 1352 614 1437 consortium,
636 1358 673 1419 ut
693 1350 860 1438 integram
885 1355 918 1417 et
940 1347 1187 1418 immaculatam
1208 1349 1449 1438 virginitatem,
1526 1404 1531 1423 ,

140 1473 240 1545 quam
261 1451 440 1545 professae
461 1454 556 1539 estis,
577 1471 693 1520 coram
712 1448 788 1519 Deo
810 1459 844 1519 ct
863 1450 1010 1540 Angelis
1029 1453 1103 1524 eius
1121 1450 1349 1536 conservetis,
1370 1469 1464 1542 pro-t

138 1556 286 1648 positum
310 1556 466 1641 teneatis,
490 1556 677 1625 castitatem
700 1550 860 1641 diligatis,
883 1554 1076 1645 patientiam
1099 1550 1308 1640 custodiatis,
1331 1559 1368 1621 ut
1390 1569 1449 1620 co-

139 1673 260 1725 ronam
286 1657 490 1745 virginitatis
518 1657 675 1750 accipere
696 1655 903 1724 mereamini.
948 1653 1016 1726 Per
1038 1653 1192 1724 eundem.
1307 1674 1312 1683 ·

243 1783 388 1844 Posthaeo
402 1782 541 1844 Pontifex
560 1801 623 1844 cum
639 1782 722 1844 mitra
736 1791 834 1858 stans,
854 1782 959 1842 iterum
972 1791 1058 1844 vocat
1071 1782 1137 1844 illas
1150 1782 1180 1842 in
1196 1792 1281 1845 cantu
1296 1781 1448 1857 inchoans,

139 1885 241 1948 schola
257 1895 459 1966 prosequente
473 1885 547 1947 hauc
559 1885 771 1966 Antiphonem:
796 1872 883 1945 Veni
905 1895 1032 1972 sponsa
1053 1873 1189 1965 Christi,
1213 1878 1330 1973 accipe
1351 1897 1448 1946 coro-

139 2001 229 2068 nam,
251 2001 351 2074 quam
369 1979 429 2050 tihi
446 1979 611 2050 Dominus
633 1979 852 2074 praeparavit
874 1979 909 2049 in
927 1988 1112 2050 aeternum.
1148 1987 1269 2068 Incepta
1284 1987 1449 2068 Antiphone

140 2091 225 2153 sedet
239 2091 378 2152 Pontifex
392 2109 456 2152 cum
471 2091 554 2152 mitra
570 2098 600 2150 et
614 2108 648 2151 ca
663 2090 754 2166 linita,
769 2098 996 2170 praesentantur
1010 2093 1037 2152 ei
1052 2110 1067 2151 a
1083 2092 1290 2171 paranymphis
1304 2090 1377 2151 duae
1391 2090 1447 2171 pri·

140 2213 204 2255 mae
219 2195 367 2272 virgines,
381 2202 413 2254 ut
425 2194 525 2275 prius,
541 2210 638 2253 coram
655 2204 691 2253 eo
706 2189 892 2269 genullcxac.
931 2189 1000 2273 lpse
1013 2202 1109 2254 autem
1123 2201 1270 2273 torquem,
1286 2195 1350 2254 sive
1364 2173 1447 2254 ccro2

115 2328 120 2338 ·
141 2315 205 2358 nam
220 2298 379 2376 accipiens,
392 2297 517 2376 imponit
530 2296 617 2376 capiti
632 2294 788 2355 cuiuslibet
801 2295 936 2371 virginis,
950 2297 1079 2357 seriatim
1093 2296 1217 2373 singulis
1232 2295 1348 2356 dicens:

243 2405 375 2500 Accipe
403 2427 566 2476 coronam
592 2403 771 2498 virginalis
799 2403 1039 2495 excellentiae,
1066 2415 1103 2477 ut
1129 2407 1217 2479 sicut
1242 2428 1303 2501 per
1329 2423 1447 2476 manus

140 2517 277 2583 nostras
304 2509 482 2579 coronaris
508 2510 683 2598 interris,
710 2509 755 2578 ita
781 2529 801 2577 a
830 2503 965 2580 Christo
992 2507 1104 2602 gloria
1130 2517 1164 2580 et
1189 2507 1322 2580 honora
1347 2528 1464 2590 corc-¹

140 2615 217 2683 nari
237 2612 401 2682 merearis
423 2612 458 2679 in
478 2611 596 2684 coelis.
647 2609 711 2681 Per
738 2608 893 2681 cundem.

214 2782 216 2787 -
244 2737 283 2798 Et
295 2755 364 2798 mcx
379 2738 480 2799 ambae
494 2738 579 2800 simol
594 2738 750 2801 decantant
762 2740 836 2801 hanc
850 2739 1062 2821 Antiphonem:
1083 2729 1193 2803 Induit
1211 2753 1263 2802 me
1281 2729 1448 2802 Dominus

140 2831 285 2926 cyclade
312 2830 396 2903 auro
415 2841 509 2903 texta
538 2841 572 2903 ct
593 2835 766 2906 immensis
788 2833 969 2908 monilibus
996 2837 1131 2907 ornavit
1151 2857 1214 2905 me.
1258 2842 1320 2918 Qua
1335 2850 1449 2902 cantata

141 2943 321 3005 reducuntur
334 2961 351 3004 a
363 2946 504 3006 matronis
517 2945 677 3026 praedictis
690 2946 725 3007 ad
739 2945 804 3007 loca
819 2963 888 3024 sna,
910 2955 939 3007 et
953 2947 1008 3008 alia
1027 2955 1265 3038 praesentantur,
1287 2943 1405 3007 cautant
1418 2952 1449 3005 et

143 3053 332 3106 coronantur
374 3047 515 3108 Omnibus
537 3050 685 3109 coronatis
700 3058 730 3110 et
742 3048 777 3110 ad
792 3048 857 3109 loca
872 3068 924 3110 sua
938 3049 1067 3111 reductis
1083 3060 1112 3112 et
1126 3049 1282 3125 stantibus,
1297 3048 1447 3123 Pontifex,

145 3143 279 3226 deposita
293 3148 376 3210 111111
390 3151 484 3227 surgit
498 3158 528 3211 et
541 3159 621 3211 stans
634 3169 739 3211 versus
757 3151 793 3212 ad
807 3152 870 3212 illas
885 3151 970 3213 dicit:
994 3143 1158 3215 Dominus
1178 3141 1256 3213 voh.
1294 3139 1339 3210 Et
1359 3161 1446 3210 cum.

246 3253 400 3332 Oramus.
452 3260 506 3332 Da
539 3280 743 3356 quaesumus
777 3265 990 3356 omnipotens
1017 3239 1112 3337 Deus
1142 3271 1178 3333 nt
1208 3261 1273 3330 hae
1299 3228 1447 3330 famulae

141 3367 234 3447 tuae,
261 3381 349 3453 quac
374 3384 437 3458 pro
465 3385 526 3483 spe
552 3362 784 3437 retributionis
811 3373 972 3436 aeternae
998 3365 1057 3437 tibi
1083 3366 1228 3436 Domino
1254 3362 1330 3434 Deo
1359 3362 1448 3434 desi

142 3460 263 3533 derant
282 3468 492 3554 consecrari,
514 3465 615 3560 plena
637 3464 704 3537 lide
725 3469 904 3561 animoque
926 3471 959 3539 in
982 3478 1099 3541 sancto
1121 3468 1297 3564 proposito
1314 3486 1448 3560 perma-

140 3572 252 3634 neant.
283 3564 410 3639 Trihuc
430 3570 481 3641 eis
500 3568 646 3640 Domine
663 3567 896 3659 humilitatem,
918 3574 1117 3659 castitatem,
1136 3567 1374 3658 obedientiam,
1391 3591 1448 3641 ca-

140 3668 274 3737 ritatem
302 3677 336 3739 ct
362 3673 511 3741 omnium
537 3668 705 3743 honorum
732 3695 875 3768 operum
901 3677 1133 3768 quantitatem,
1159 3680 1195 3743 ut
1221 3671 1447 3787 admonitum

142 3776 305 3840 aeternae
331 3771 465 3864 gloriae
487 3777 619 3868 possint
644 3778 837 3869 pervenire
887 3775 955 3848 Per
979 3774 1055 3848 Chr

200 3897 1444 3985 Deindeomnihussimulgenuflectentibusl'ontiiexstansutpriussinemitradicit:

246 4007 400 4085 Oramus.
450 4010 501 4083 Te
530 4016 729 4086 invocamus
752 4015 898 4086 Domine
928 4027 1062 4105 sancte,
1091 4026 1187 4111 pater
1220 4014 1445 4106 omnipotens,

143 4121 282 4183 aeterne
307 4111 423 4203 Deos,
451 4137 554 4210 super
580 4116 640 4189 has
667 4115 811 4190 famulas
837 4127 929 4208 tuas,
965 4141 1051 4214 quac
1077 4118 1137 4190 tihi
1162 4123 1333 4189 voverunt
1359 4134 1445 4208 pura

142 4227 267 4304 mente,
289 4215 483 4311 mundoque
507 4219 612 4290 corde
636 4223 782 4308 servire,
803 4230 839 4291 ut
862 4243 920 4292 eas
943 4225 1075 4293 sociare
1096 4221 1244 4312 digneris
1262 4218 1351 4286 iuter
1368 4215 1445 4287 illas

143 4326 276 4387 centum
303 4319 526 4414 quadraginta
550 4322 695 4416 quatuor
715 4322 838 4410 millia,
869 4326 926 4418 qui
951 4327 1103 4418 virgines
1128 4329 1385 4416 permanserunt
1412 4331 1446 4392 ct

142 4439 181 4491 sc
205 4439 282 4488 cum
307 4421 506 4494 mulieribus
531 4445 601 4494 non
628 4426 964 4520 coinquinaverunt
954 4450 988 4499 m
1010 4446 1151 4521 quorum
1174 4444 1234 4493 ore
1255 4421 1354 4493 dolus
1375 4442 1446 4490 nou

143 4530 196 4592 est
219 4522 389 4612 inventus,
410 4526 455 4593 ita
477 4534 511 4595 et
534 4525 595 4599 has
614 4525 757 4600 famulas
779 4538 854 4600 tuas
874 4528 980 4607 iacies
997 4546 1197 4624 permanere
1214 4524 1445 4598 immaculatas

142 4626 310 4717 usquein
333 4622 443 4697 linem.
489 4627 556 4700 Per
581 4630 829 4742 immaculatum
849 4631 1029 4705 Dominum
1050 4640 1202 4704 nostrum
1225 4645 1281 4698 etc
