3202 5176
825 349 901 420 350

312 547 384 608 'lum
407 544 553 611 thurificat
573 544 665 622 ipsam
689 560 806 603 crucem
826 550 856 604 et
879 543 943 619 tigit
962 543 992 603 in
1011 541 1178 604 summitate
1196 541 1260 603 eins
1275 559 1362 603 unam
1376 561 1419 604 ex
1433 542 1526 604 tribus

211 625 342 712 candelis
368 644 538 710 ardentibus
561 655 591 705 at
611 644 683 706 alias
697 645 819 705 duas-in
842 643 956 706 dnobus
972 644 1082 705 brabiis
1102 645 1232 705 ciusdem
1249 646 1347 706 crucis
1359 654 1393 706 et
1404 656 1526 727 accepta

209 755 312 823 mitra,
332 752 413 813 vadit
425 749 461 811 ad
476 766 592 810 crucem
606 747 642 808 ad
657 748 808 808 dexteram
822 748 936 809 mediae
949 748 1092 828 positam,
1112 748 1301 827 aspergendo
1315 765 1422 828 aquam
1436 747 1524 809 bene·

209 855 315 916 dictam
336 871 392 933 per
414 852 623 915 coemeterium
638 860 668 910 et
683 849 809 911 dicendo
828 868 893 910 curn
908 850 1049 910 ministris
1068 841 1235 913 Paolmam
1254 841 1404 912 Domine
1426 862 1472 912 ne
1490 844 1526 912 in

208 946 327 1018 lurore
349 956 419 1017 tuo.
455 954 522 1034 Non
545 954 651 1014 dicitnr
672 940 798 1015 Gloria
837 953 902 1026 Quo
923 952 1001 1014 dicto
1017 952 1156 1015 Pontifex
1172 963 1252 1014 stans
1269 962 1339 1014 ante
1354 954 1449 1033 ipsam
1464 968 1525 1014 cra·

208 1075 272 1119 cem
279 1057 423 1140 deposita
437 1058 520 1117 mitra
535 1056 622 1116 dicit:

312 1152 456 1221 Oramus.
491 1148 638 1220 Domine
652 1147 761 1235 Deus,
782 1157 900 1242 pastor
921 1157 1083 1220 aeternae
1093 1148 1237 1242 gloriae
1261 1159 1295 1219 et
1316 1149 1391 1238 lux,
1416 1149 1526 1221 bonor

207 1255 409 1348 sapientiae,
429 1261 545 1323 custos
565 1259 599 1319 et
616 1252 720 1340 vigor
735 1242 949 1343 prudentiae,
965 1251 1059 1324 salus
1077 1252 1341 1343 aegrotantium,
1359 1250 1524 1322 valetudo
1556 1278 1560 1283 ‘

207 1357 408 1452 potentium,
430 1360 640 1423 moestorum
662 1350 836 1438 solamen,
858 1353 930 1422 vita
950 1354 1130 1442 iustorum,
1150 1352 1262 1444 gloria
1282 1352 1473 1442 humilium,
1491 1363 1524 1424 te

209 1457 383 1551 supplices
399 1453 604 1546 flagitamus,
625 1463 662 1522 ut
677 1450 744 1522 hoc
761 1473 944 1523 servorum
961 1462 1099 1526 tuorum
1117 1458 1361 1526 coemeterium
1378 1454 1421 1525 ab
1436 1457 1526 1527 omni

208 1560 394 1654 spurcitiae
412 1557 666 1650 inquinamento
687 1562 721 1625 et
736 1553 985 1623 immundorum
999 1558 1175 1654 spirituum
1190 1556 1321 1630 insidiis
1337 1557 1525 1647 custodire,

207 1659 373 1731 mundare
401 1668 436 1729 et
460 1657 550 1729 bene
571 1653 620 1747 ι·
627 1656 744 1727 dicere
772 1654 923 1748 digneris
949 1664 1051 1750 atque
1080 1659 1282 1754 corporibus
1309 1659 1502 1732 humanis
1493 1680 1525 1729 ιιι

72 1738 79 1743 ’
122 1781 124 1784 ·
207 1761 298 1832 hunc
318 1762 433 1832 locum
454 1755 714 1831 advenientibus
734 1760 964 1830 sinceritatem
981 1768 1183 1853 perpetuam
1202 1761 1354 1832 tribuere
1375 1782 1450 1833 non
1470 1761 1525 1832 de-

208 1867 312 1952 sinas,
339 1873 376 1933 ut
403 1865 596 1958 quicunque
623 1861 787 1954 Baptismi
812 1857 1070 1958 Sacramentum
1095 1865 1315 1956 perceperint
1341 1873 1377 1934 et
1403 1867 1441 1934 ιιι
1462 1863 1525 1934 lide

208 1966 378 2036 catholica
400 1987 510 2061 usque
530 1963 573 2034 ad
594 1966 686 2035 vitae
705 1966 875 2033 terminum
894 1961 1321 2057 perseverantes'fuerint,
1343 1974 1451 2060 atque
1470 1966 1525 2037 de·

83 2111 90 2132 ,
195 2084 312 2140 'curso
338 2066 437 2139 h‘uius
464 2069 544 2139 aevi
565 2068 724 2152 termino,
752 2086 900 2159 corpora
927 2068 1050 2137 suain
1069 2065 1137 2136 hoc
1159 2069 1370 2137 coemeterio
1394 2069 1527 2163 requiei

209 2169 546 2257 commendaverint,
565 2167 747 2260 Angelicis
762 2166 852 2239 tubis
867 2167 1166 2263 concrepantibus,
1185 2171 1318 2238 animae
1333 2170 1439 2242 ειιιιιιι
1452 2192 1525 2242 cum

209 2271 413 2366 corporibus
439 2274 591 2366 praemia
624 2269 829 2341 coelestium
861 2269 1064 2364 gaudiorum
1080 2272 1281 2366 ⁴percipiant
1306 2274 1522 2365 sempiterna.

209 2373 277 2444 Per
304 2371 482 2446 Christum.
522 2378 564 2465 ιι.
592 2372 714 2444 Arnen.
724 2369 756 2469 1)

312 2485 429 2548 Deinde
449 2486 597 2547 thurificat
615 2487 708 2566 ipsam
729 2503 845 2547 crucem
860 2496 890 2549 et
909 2486 973 2564 ligit
986 2494 1019 2546 ut
1031 2495 1117 2548 ante'a
1131 2484 1269 2547 candelas
1284 2495 1346 2547 tres
1364 2486 1396 2546 in
1410 2486 1524 2547 summi·

210 2597 270 2650 tate
292 2588 386 2668 ipsius
407 2591 512 2650 crucis.
558 2588 630 2649 'lnnr
650 2597 771 2668 accepta
790 2591 875 2650 mitra
897 2589 977 2651 vadit
992 2588 1028 2651 ad
1046 2607 1162 2650 cracem
1178 2607 1253 2668 qnae
1268 2597 1315 2650 est
1328 2589 1365 2651 ad
1379 2590 1525 2650 sinistram

108 2679 114 2685 ⁴
209 2691 323 2752 mediae
339 2694 446 2772 crucis,
459 2688 566 2773 posita,
581 2691 771 2772 aspergendo
786 2710 906 2773 semper
919 2710 1021 2772 aquam
1035 2691 1220 2753 benedictam
1234 2709 1290 2772 per
1303 2693 1525 2769 coemeterium,

210 2793 336 2856 dicendo
359 2814 423 2855 aum
443 2775 774 2857 ministrisPsolmm
793 2784 940 2856 Domine
963 2784 1090 2856 exaudi
1112 2787 1303 2856 orationem
1326 2807 1450 2871 meam,
1489 2792 1527 2854 lit

210 2914 269 2957 non
282 2896 390 2958 dicitnr
405 2885 534 2958 Gloria.
566 2888 646 2970 ‘Quo
661 2897 739 2958 dicto
754 2907 835 2957 stans
849 2907 917 2958 ante
931 2899 1023 2977 ipsam
1038 2915 1154 2958 crucem
1169 2896 1304 2976 deposita
1320 2899 1405 2958 mitra
1418 2886 1503 2957 dicit:

315 2990 459 3067 Oramus.
500 2990 647 3059 Domine
662 2989 749 3066 ‚lesu
771 2986 919 3078 Christe,
942 2993 1000 3084 qui
1020 3012 1148 3087 corpus
1168 2989 1352 3061 humanum
1372 2991 1416 3062 de
1435 2999 1527 3060 terra

209 3113 273 3188 pro
294 3091 452 3184 angelica
469 3094 688 3187 reparatione
707 3089 862 3164 formasti
881 3103 914 3163 et
932 3095 967 3163 in
984 3102 1019 3163 te
1035 3113 1100 3187 pro
1111 3087 1355 3187 ,redemptione
1374 3113 1527 3186 assump-

210 3197 296 3282 sisti,
316 3196 352 3263 in
372 3203 500 3265 terram
518 3214 582 3288 pro
606 3193 802 3265 conditione
825 3198 942 3266 carnis
958 3195 1109 3282 resolvis
1137 3204 1172 3266 et
1197 3195 1241 3266 de
1267 3206 1359 3266 terra
1380 3215 1446 3289 pro
1466 3195 1527 3264 inr-

209 3296 416 3366 mortalitate
437 3294 670 3385 resuscitabis,
693 3295 781 3367 hanc
800 3306 927 3368 terram
955 3318 1162 3391 quaesumus
1184 3297 1229 3368 ad
1254 3319 1352 3370 usum
1372 3295 1528 3391 sepulta-

210 3418 271 3468 rae
291 3396 335 3467 de
361 3396 601 3470 benedictione
624 3401 672 3469 tui
695 3399 820 3494 sepulti
842 3401 999 3495 corporis
1022 3420 1130 3472 conse
1143 3399 1175 3493 ι
1189 3422 1289 3471 crare
1310 3398 1464 3492 dignare,
1493 3409 1529 3471 et

210 3501 247 3570 in
268 3497 477 3595 Baptismate
499 3500 560 3572 tibi
586 3501 808 3596 consepultos
828 3503 863 3570 in
885 3509 1006 3572 natura
1030 3505 1142 3575 carnis
1162 3501 1217 3572 hic
1239 3499 1527 3598 consepeliendos

211 3599 278 3675 sub
307 3623 369 3697 spe
397 3612 477 3673 tuae
503 3606 768 3689 resurrectionis
794 3606 830 3673 in
854 3613 934 3675 tuae
960 3602 1182 3677 redemtionis
1209 3603 1448 3678 misericordia
1472 3625 1526 3676 re-

212 3705 393 3798 quiescere
416 3704 579 3777 concede
627 3703 694 3790 oui
718 3715 885 3780 venturus
908 3728 947 3781 es
966 3706 1120 3778 iudicare
1141 3709 1244 3780 vivos
1264 3717 1298 3777 et
1317 3715 1475 3781 mortuos
1494 3715 1527 3777 et

210 3807 388 3880 saeculum
414 3810 622 3902 perignem
668 3813 712 3899 ιι.
738 3807 862 3880 Amen.

314 3918 388 3979 'lum
401 3919 570 3980 thurificat
561 3937 653 4009 ipsam
668 3939 785 3980 crucem
800 3928 830 3981 et
845 3921 911 3982 liris
925 3929 957 3981 nt
970 3920 1095 3982 anteana
1104 3920 1168 3982 eins
1179 3920 1345 3981 summitate
1355 3880 1451 3981 tribus
1462 3937 1527 3981 can·

212 4020 307 4099 dalis,
314 4008 545 4108 ²)revertitur,
564 4024 648 4084 mitra
662 4032 784 4103 accepta
801 4022 837 4083 ad
853 4042 970 4099 crucem
984 4022 1119 4101 mediam,
1136 4009 1326 4103 aspergendo
1340 4040 1464 4102 semper
1475 4039 1529 4101 per

213 4126 424 4186 coemeterium
445 4142 549 4204 aquam
571 4124 774 4202 benedictam,
797 4124 923 4188 dicendo
946 4144 1009 4187 curn
1029 4124 1171 4187 ministris
1192 4134 1353 4207 sequentes
1367 4115 1528 4188 Paolmoa

226 4255 448 4269 ———-=—

277 4299 308 4378 1)
325 4303 451 4359 Occurrit
464 4303 587 4360 collecta
602 4302 629 4359 in
645 4304 747 4360 Codice
762 4304 969 4362 Vindoboneasi
984 4321 1065 4378 snpra
1080 4312 1303 4364 commemorato.

231 4430 238 4442 .
274 4383 306 4461 2)
323 4387 429 4444 Summa
443 4389 527 4445 totins
541 4389 744 4446 benedictionis
758 4397 815 4459 est,
836 4397 867 4444 ut
882 4391 929 4446 lux
943 4397 1053 4446 aeterna
1068 4392 1159 4449 luceat
1173 4391 1311 4448 animabus
1327 4389 1530 4458 defunctornm,

215 4470 260 4541 qni
280 4471 307 4527 in
330 4472 394 4529 loco
416 4474 570 4546 sepeliendi
584 4483 654 4531 sunt.
680 4475 730 4529 Per
745 4475 835 4529 lumea
848 4474 934 4544 igitur
950 4477 1123 4534 candelarum
1138 4475 1167 4533 in
1180 4467 1332 4534 summitate
1349 4480 1378 4530 et
1391 4472 1530 4530 bracchiis

215 4556 305 4615 crnms
319 4558 448 4629 lixarum,
464 4559 495 4614 lit
509 4565 538 4615 ut
553 4561 623 4617 tides
637 4557 855 4615 Resurrectionis
869 4558 963 4633 vigeat
978 4568 1006 4618 et
1020 4561 1109 4621 lamen
1124 4568 1255 4621 aeternae
1268 4561 1341 4620 vitae
1355 4558 1453 4617 inillis
1467 4575 1529 4617 res·

214 4640 344 4714 plendmt
356 4657 407 4716 per
420 4643 544 4702 meritum
557 4642 660 4704 ὒιιιιιιι
672 4644 701 4700 ιιι
716 4634 798 4701 eruca
812 4644 898 4716 passi.
