3202 5176
700 336 773 474 aot

78 546 188 621 Wille
220 547 291 641 ist,
324 551 406 625 den
425 553 501 626 hier
528 557 881 650 geganwtirtigenN.
908 556 949 629 N.
979 557 1036 629 ittr
1062 555 1180 629 Enren
1208 556 1390 630 elueliohen

76 651 181 724 Manu
203 655 456 745 annanehmem
482 658 551 729 und
576 659 619 731 ob
643 658 699 731 lhr
718 657 829 732 bereit
853 661 942 757 seyd
968 683 1010 731 uu
1039 659 1290 755 verspreohen,
1320 660 1389 731 ihm

76 759 114 827 in
132 754 250 828 Allem
277 767 355 830 tren
372 762 426 831 uir
438 760 651 851 verbleiben,
679 782 719 836 so
741 766 811 834 wie
834 767 969 843 eseiae
988 774 1087 835 treue
1108 763 1261 836 Eheirau
1280 764 1442 836 ihrem

77 857 275 931 Ehemanne
296 862 384 933 nach
409 859 528 938 Gottes
550 865 662 937 Gebot
688 865 845 960 schuldig
865 854 938 942 isti'

181 972 298 1053 Sponsa
311 974 520 1055 respondebit;

159 1065 234 1157 ln,
257 1066 354 1139 Euer
373 1066 601 1143 Elrrwttrden
613 1067 644 1169 ¹)

180 1179 287 1240 Postea
301 1179 450 1242 Paroohus
473 1181 523 1244 det
542 1180 679 1257 annulum
696 1181 880 1245 benedictum
894 1199 1024 1263 sponso,
1046 1184 1099 1263 qut
1109 1191 1263 1263 acceptum
1276 1150 1426 1245 inseret*

77 1280 171 1359 digito
194 1282 325 1342 annulari
348 1285 484 1346 sinistrae
504 1304 605 1347 manus
628 1305 775 1367 sponsae,
796 1286 900 1363 idest,
923 1285 1147 1365 eiquiminimo
1164 1288 1388 1408 estproximus,
1490 1356 1493 1361 ⁸

77 1382 195 1459 dicens,
210 1384 344 1446 Parocho
358 1386 401 1447 illi
414 1388 507 1449 verba
521 1398 717 1466 suggerente:

178 1474 241 1548 Mit
277 1478 406 1552 diesem
435 1479 526 1574 Rin'g
562 1482 739 1553 vernello
769 1481 824 1552 ich
851 1480 941 1550 mich
967 1482 1025 1551 mit
1053 1478 1189 1552 Euch
1180 1504 1225 1552 rm
1255 1478 1387 1553 Namen

77 1579 140 1654 des
160 1564 304 1669 Vaters,
326 1580 396 1651 und
418 1582 479 1654 des
500 1580 654 1672 Schnes,
682 1584 750 1654 und
773 1583 834 1654 des
858 1582 1009 1674 heiligen
1032 1579 1126 1655 Geist
1114 1594 1176 1657 tes

179 1690 217 1751 Et
239 1709 308 1751 mox
328 1691 438 1754 dabunt
457 1692 514 1753 sibi
535 1693 673 1755 dexteras
687 1713 815 1775 sponsus
828 1702 858 1754 et
871 1711 995 1773 sponsa,
1019 1693 1156 1774 dicetque
1170 1713 1298 1774 sponsus
1312 1712 1389 1754 voce
1507 1760 1509 1767 ¹

77 1795 156 1854 clara
171 1803 201 1854 et
214 1792 412 1872 intelligibili,
429 1814 566 1876 sponsum
581 1799 703 1877 proprio
720 1799 838 1858 nomine
855 1805 885 1856 et
900 1796 1077 1873 cognomine
1091 1796 1236 1876 apellens:

180 1882 282 1956 ΜΝ.
318 1885 376 1957 lob
398 1888 521 1960 nehme
544 1889 641 1961 Euch
660 1894 741 1962 ietzt
763 1913 806 1960 an
825 1889 879 1961 fiir
898 1892 990 1959 mein
1010 1887 1184 1963 eheliohes
1207 1884 1363 1985 Weib.²)

179 1998 383 2079 Respondebit
397 2019 506 2080 sponsa
522 2020 598 2063 voce
612 2003 746 2064 similiter
761 2003 838 2064 clara
853 2012 882 2063 et
897 2000 1094 2079 intelligibili,
1113 2020 1253 2101 sponsum
1265 2003 1388 2083 proprio

80 2103 196 2227 nomine
211 2110 241 2162 et
255 2103 434 2178 cognomine
447 2103 594 2185 apelleos:

121 2193 220 2264 N.
242 2192 281 2263 N.
309 2192 368 2265 lch
388 2195 511 2267 nehme
530 2196 628 2269 Euch
647 2200 728 2270 istut
751 2220 794 2292 arr
815 2197 870 2272 fiir
887 2199 1023 2267 meineri
1042 2194 1347 2268 ehelichenMann.
1355 2193 1388 2293 ³)
1505 2244 1508 2249 -

58 2356 65 2363 .
180 2306 343 2384 Statimque
358 2306 506 2369 Paroolrns
526 2319 638 2389 partem
658 2311 753 2373 stolae
772 2288 923 2371 dexteram
937 2309 1070 2369 manibus
1084 2309 1200 2370 illorum
1214 2310 1334 2370 adhuc
1325 2327 1388 2369 run·

10 2454 14 2463 .
79 2410 135 2469 ctrs
151 2408 377 2485 circumvolvat,
394 2419 423 2469 et
437 2409 528 2473 droat:
692 2468 696 2475 .

182 2498 226 2570 Et
252 2522 319 2592 ego
346 2499 595 2574 Matrimonium
623 2525 686 2596 per
711 2525 777 2574 vos
804 2512 1014 2573 contractum
1042 2499 1225 2590 confirmo,
1258 2500 1388 2573 ratifico

80 2613 114 2674 et
145 2601 338 2693 benedico,
369 2607 402 2673 in
435 2602 580 2678 Nomine
614 2606 676 2677 Pat
677 2608 724 2678 ris
758 2601 812 2694 †,
849 2615 883 2675 et
915 2602 993 2675 Filii
1029 2603 1081 2699 †,
1114 2611 1149 2673 et
1180 2600 1324 2699 Spiritus
1357 2602 1387 2695 †

80 2703 204 2778 Sancti.
258 2705 392 2777 Amen
952 2784 955 2791 ,

112 2852 115 2858 ·
181 2816 218 2878 llt
232 2836 396 2898 aspergens
412 2837 464 2880 eos
479 2838 552 2899 aqua
567 2818 722 2881 benedicta
736 2818 837 2880 addat
1424 2812 1438 2851 ‘
1495 2806 1498 2817 ⁸

183 2909 350 2985 Dominus
373 2913 541 2986 custodiat
561 2915 734 2983 introitum
751 2922 924 3000 uestrum,
948 2919 983 2981 et
1005 2912 1134 2982 exitum
1156 2879 1320 2998 vestrum,
1344 2932 1390 2981 ex

64 3015 146 3110 ¹hoc
165 3034 275 3102 nuno,
299 3024 333 3086 et
356 3038 463 3111 usque
486 3018 521 3085 in
544 3015 727 3089 saeculum.

182 3124 232 3185 llis
252 3128 397 3204 peractis,
420 3138 546 3207 sponsus
569 3138 597 3189 et
618 3147 727 3206 sponsa
749 3126 912 3207 procedent
926 3135 993 3187 ante
1006 3126 1124 3204 Altero,
1145 3127 1195 3186 ubi
1209 3125 1296 3186 Missa
1311 3124 1388 3184 cele-

81 3226 190 3287 branda
204 3236 249 3287 est
264 3225 335 3303 (nisi
349 3230 405 3288 iam
423 3238 491 3289 ante
505 3230 576 3290 illud
591 3226 792 3304 constiterint)
808 3228 1000 3308 sequentibus
1015 3230 1260 3307 consangnineis,
1283 3228 1388 3288 aliisve

80 3329 205 3390 testibus
220 3338 249 3390 et
264 3330 404 3392 invitatis.
510 3339 513 3346 '

182 3430 301 3492 lnterim
315 3432 479 3509 Sacerdos,
494 3435 616 3512 sumptis
631 3435 659 3493 in
675 3433 807 3492 sacristia
823 3431 970 3511 manipulo
986 3441 1016 3491 et
1031 3432 1128 3492 casula
1142 3451 1195 3492 sen
1209 3432 1337 3511 planeta,
1351 3429 1388 3493 ad
1494 3448 1496 3452 ⁴

79 3534 182 3594 Altare
202 3534 338 3612 procedit
357 3534 557 3594 celebraturus
573 3535 690 3595 Missam
713 3553 767 3614 pro
784 3552 894 3613 sponso
910 3543 939 3594 et
952 3551 1078 3612 sponsa,
1089 3543 1130 3602 ,ut
1145 3536 1175 3595 in
1188 3533 1318 3613 Missali,
1338 3534 1387 3596 rel

80 3635 165 3696 eliam
183 3654 246 3695 cunr
264 3635 395 3696 Colleota
410 3636 505 3696 dictae
519 3635 625 3696 Missae
641 3655 696 3716 pro
712 3655 823 3716 sponso
839 3645 869 3695 et
884 3654 1009 3716 sponsa:
1035 3645 1064 3696 et
1078 3638 1128 3698 liet
1143 3637 1253 3699 oblatio
1269 3656 1284 3698 a
1299 3636 1389 3718 spon·'

79 3741 121 3800 sis
137 3748 167 3799 et
181 3738 361 3821 adstantibus
376 3741 451 3799 intra
465 3738 600 3814 Missam,
617 3758 697 3800 more
712 3738 811 3799 solito.

180 3842 267 3902 Dicto
287 3831 535 3906 Benedicamus
557 3833 703 3904 Domino
725 3841 772 3901 vet
793 3830 843 3902 lte
864 3829 969 3903 Missa
991 3840 1065 3919 est,
1088 3850 1175 3921 prout
1188 3841 1295 3902 Missae
1317 3858 1387 3901 oon·

10 3978 12 3983 ·
80 3946 196 4021 veniet,
217 3944 379 4020 Sacerdos,
403 3955 556 4024 antequam
578 3945 688 4025 populo
712 3944 883 4020 benedicat,
906 3952 986 4003 stans
1005 3944 1033 4002 in
1049 3941 1145 4004 Medio
1160 3944 1269 4005 Altaria
1283 3960 1386 4002 versus

82 4132 292 4140 —---—---—--

151 4241 181 4322 1)
206 4245 261 4316 Ag.
283 4246 316 4305 M.
337 4244 414 4299 Anna
443 4241 527 4318 (oder
548 4241 595 4318 N,)
615 4245 659 4300 ich
679 4245 758 4313 lrage
778 4243 852 4299 Euch
873 4233 975 4301 a'nstatt
997 4244 1047 4300 des
1067 4242 1256 4311 allmichtigen
1279 4240 1384 4311 Gottes,

78 4329 115 4384 ist
135 4346 165 4384 es
187 4347 239 4386 nun
260 4329 436 4401 dergleioben
451 4329 523 4385 Eure
538 4329 698 4401 grttndliche
714 4328 766 4384 und
782 4329 988 4385 woblbedachte
1003 4329 1144 4398 Meinung,
1165 4326 1245 4381 Ernst
1259 4326 1312 4382 und
1329 4327 1383 4383 tie-

80 4414 166 4483 mttth,
188 4414 234 4469 mit
254 4415 355 4472 diesem
371 4415 401 4469 N.
418 4415 523 4471 ehelicb
537 4433 570 4472 zu
585 4414 696 4471 werden
712 4413 765 4469 und
779 4415 824 4470 ilm
841 4415 883 4470 tur
898 4415 987 4471 Euren
1003 4413 1141 4470 elrelichen
1157 4411 1233 4465 Mann
1250 4412 1384 4466 annaneh-
1404 4446 1410 4459 .

80 4495 162 4553 men‘l
188 4497 329 4556 Antwort:
346 4501 384 4571 la,
400 4501 479 4558 llcrr.

149 4579 180 4654 t)
196 4583 249 4652 Ag.
264 4586 298 4642 M.
315 4584 392 4641 Anna
407 4584 489 4661 (oder
505 4582 551 4659 N.)
564 4585 608 4640 iclr
623 4585 723 4649 nehme
733 4584 809 4643 Euch
822 4600 855 4645 ru
871 4584 984 4640 meinem
999 4582 1139 4637 elreliohen
1154 4580 1245 4641 Weib.

149 4664 179 4742 3)
194 4667 248 4738 Ag.
263 4668 297 4727 M.
311 4668 427 4727 loannes
441 4667 525 4747 (oder
540 4667 585 4744 N.)
599 4669 643 4725 iclr
657 4670 753 4727 nehme
767 4669 841 4726 Euch
855 4686 888 4726 nu
902 4669 1015 4724 meinero
1029 4666 1170 4722 ehalichen
1186 4665 1273 4722 Maon.

1135 4753 1177 4818 19
