3210 5168
714 331 788 404 223

14 531 29 616 J
91 530 179 615 altari
196 513 362 592 conversis.
397 526 470 589 ΙΙιιιιι
485 524 718 588 archidiaconos
731 532 820 586 uocat
835 510 938 586 omues
953 523 1138 588 Ordinandcs
1152 512 1270 591 dicens:
1295 520 1410 594 Acce·

94 625 176 697 dani
203 644 342 711 omntta',
370 622 428 715 qui
457 617 637 690 ordinandi
664 627 750 690 sunl.
801 626 916 702 Quibus
937 635 1006 687 ante
1025 627 1118 690 altare
1141 647 1240 691 coram
1265 632 1411 695 Pontidee

93 735 264 815 genuflexis
279 743 310 795 et
325 735 354 794 in
375 731 492 793 modum
510 747 640 792 coronae
654 729 823 811 dispositis,
849 729 1083 791 Archidiaconua
1100 729 1169 809 (Α.)
1186 733 1307 812 publice
1322 736 1413 798 inter·

93 847 312 918 togatumnes,
331 836 358 896 si
372 835 432 895 siot
444 833 554 912 aliqui,
578 833 626 912 qui
643 832 723 893 forte
739 849 801 892 oon
821 831 880 891 sint
899 831 1072 893 confirmati.
1104 832 1184 895 Etsi
1202 834 1292 916 aliqui
1306 840 1412 899 condr-

89 939 192 1003 mundi
207 947 305 1015 eruut,
323 946 394 998 tuno
409 935 563 998 coniirmat
579 952 633 995 eos
647 934 788 996 Pontifex
801 921 866 1019 (Ρ)
902 933 933 992 Si
943 952 1002 995 non
1012 944 1098 996 erunt
1108 936 1197 1015 aliqui
1211 939 1412 1013 confirmandi,

94 1042 192 1123 palam
204 1040 355 1103 interdicit
368 1057 423 1119 per
436 1040 527 1098 ιὶιιιιιι
538 1055 577 1097 ex
591 1037 651 1096 suis
666 1035 720 1096 sub
735 1036 782 1096 bis
795 1034 911 1096 verbis:

197 1130 552 1206 Reverendissimus
543 1151 578 1199 m
600 1124 742 1203 Christo
756 1137 857 1222 pater
874 1139 908 1199 et
928 1127 1155 1218 dominus,N
1195 1130 1262 1202 Dei
1278 1143 1311 1204 et
1320 1157 1413 1230 apo

95 1237 242 1311 stolicae
272 1234 365 1308 sedis
398 1234 507 1324 gratia
535 1228 792 1331 EpiscopusN.
821 1228 884 1303 sub
906 1235 1275 1306 excommunicationis
1301 1257 1414 1333 poena

95 1339 266 1435 praecipit
291 1346 325 1407 et
350 1333 488 1405 mandat
514 1333 670 1405 omnibus
699 1342 734 1403 et
760 1331 904 1424 singulis
934 1353 997 1428 pro
1025 1325 1251 1430 suscipiendis
1279 1335 1414 1409 Ordini-

94 1439 160 1515 bus
177 1437 240 1509 h.ic
263 1436 515 1533 praesentibus,
537 1457 582 1507 ne
610 1435 685 1530 quis
708 1433 827 1505 forsan
855 1455 975 1504 eorum
997 1436 1219 1528 irregularis,
1246 1448 1303 1510 aut
1290 1440 1414 1513 talias

16 1608 21 1615 .
97 1543 220 1623 aiure
246 1539 306 1610 vel
333 1538 375 1610 ab
405 1538 542 1609 homine
556 1538 914 1655 excommunicatus,
953 1537 1180 1628 interdictus,
1211 1561 1414 1637 ιιιριιιιιιι,

96 1644 247 1763 spurius,
269 1640 424 1729 infamis,
452 1633 509 1710 ιιι
532 1639 617 1712 alias
640 1639 756 1708 aiure
778 1636 985 1732 prohibitus,
1014 1639 1089 1709 sive
1116 1661 1162 1709 ex
1189 1640 1300 1712 aliena
1320 1642 1418 1714 dice?

96 1747 170 1819 cesi
193 1743 357 1817 oriundus
377 1746 466 1816 sive·
459 1743 613 1813 licentia
635 1741 688 1812 sui
709 1736 893 1834 Episcopi,
923 1746 1072 1809 autnon
1094 1739 1304 1837 descriptus,
1331 1766 1415 1815 exa-

95 1848 257 1935 minatus,
279 1845 494 1941 approbatus
515 1851 550 1915 e
569 1843 776 1929 nominatus,
798 1840 870 1912 ullo
890 1848 991 1935 pacto
1016 1840 1141 1913 audeat
1161 1843 1204 1913 ad
1226 1848 1414 1942 suscipien·
1508 1908 1511 1913 .

97 1948 162 2022 dos
192 1947 330 2022 ordines
361 1945 540 2018 accedere
592 1942 638 2033 Et
668 1941 760 2038 quod
785 1941 900 2015 nullus
934 1963 980 2012 ex
1012 1940 1216 2021 Ordinandis
1249 1948 1415 2039 discedat,

66 2052 167 2124 ·nisi
186 2047 293 2123 Missa
319 2047 412 2120 linita
440 2057 476 2120 et
496 2045 755 2118 benedictione.
764 2042 939 2118 Pontificis
966 2043 1169 2197 accepted)
1287 2078 1304 2144 Ι·

76 2240 81 2247 -
201 2164 326 2258 Domum
339 2178 387 2259 ud
390 2192 613 2257 ordinationem
628 2188 787 2271 procedat:

459 2333 539 2445 ‚De
569 2330 744 2440 clerico
772 2326 1043 2430 Faciend02).

15 2546 23 2561 ,
203 2478 262 2541 Pro
272 2477 400 2561 Glericie
415 2478 585 2542 ordinandis
598 2486 739 2561 parentur
752 2477 875 2539 iorlices
885 2479 947 2555 pro
961 2474 1127 2538 incidendis
1148 2478 1262 2557 capillis
1277 2490 1308 2542 et
1321 2481 1417 2545 bacile

99 2599 155 2667 pro
172 2580 233 2647 illis
248 2579 443 2662 imponendis.
476 2581 515 2643 Et
529 2580 677 2667 quilibet
667 2578 902 2663 Ordinandorum
917 2578 1027 2639 babere
1042 2577 1131 2639 debet
1144 2597 1226 2642 auum
1241 2576 1417 2663 superpelli-

101 2702 185 2784 ceum
198 2690 289 2764 supei
304 2677 452 2746 brachium
467 2685 617 2745 sinistrum
629 2691 660 2743 et
668 2681 839 2743 candelam
830 2698 860 2740 ιι
874 2698 960 2740 manu
974 2680 1087 2776 ιιιιιιιι.
1107 2679 1144 2740 Ει
1157 2693 1300 2745 vocantur
1315 2703 1418 2755 omnes

100 2786 274 2849 tonsurandi
287 2784 459 2857 nominatim
476 2804 531 2867 per
546 2787 691 2848 notarium
705 2792 736 2848 et
749 2783 874 2867 quilibet
892 2780 1070 2863 respondet:
1065 2756 1234 2849 Adsum.

129 2876 318 2963 ·Quibns
329 2897 399 2950 ante
412 2882 584 2950 Pontificem
600 2883 829 2980 genuflexio?
842 2886 937 2965 surgit
951 2893 981 2945 et
999 2883 1084 2946 dicit:

11 3050 20 3065 ,
123 2980 257 3056 ·Sit
272 2979 400 3053 nomen
416 2980 560 3054 Domini
575 2968 802 3061 benedictum.
854 2982 918 3099 15:30
906 2976 983 3049 Ex
997 2958 1229 3050 boenuncet
1252 2967 1418 3074 usquein

101 3013 287 3156 saeculum.
328 3083 735 3156 Adiutoriumnostrum
756 3083 949 3154 innomine
972 3080 1118 3153 Domini.
1172 3079 1311 3174 lit-Qui
1336 3081 1420 3175 fecit

102 3160 240 3256 coelum
261 3195 297 3257 et
321 3195 457 3257 terram.
546 3192 560 3213 '·
1435 3208 1439 3215 ·

206 3286 372 3375 Oramus,
395 3284 522 3360 iratres
547 3281 734 3374 carissimi,
767 3284 951 3379 Dominum
984 3292 1138 3356 nostrum
1165 3280 1189 3354 Ι.
1212 3281 1249 3372 Q.
1274 3307 1338 3381 pro
1367 3266 1419 3371 ins

85 3387 238 3462 damulis
260 3391 345 3477 suis,
364 3391 423 3482 qui
449 3388 492 3462 ad
520 3387 742 3485 deponendas
772 3408 889 3459 eomas
916 3389 1064 3480 capitum
1088 3406 1230 3459 suornm
1251 3407 1316 3480 pro
1344 3391 1420 3462 eiu's

102 3512 222 3561 amore
241 3487 414 3579 festinant,
438 3500 475 3560 ut
502 3490 607 3561 donet
633 3492 684 3561 eis
703 3486 867 3585 Spiritum
885 3485 1060 3575 Sanctum,
1084 3489 1141 3583 qui
1163 3485 1312 3559 habitum
1337 3491 1419 3561 reli-

102 3595 216 3687 gionis
237 3594 282 3667 iu·
292 3595 343 3665 eis
365 3594 400 3662 in
426 3601 630 3687 perpetuum
657 3599 842 3663 conservet
866 3599 903 3660 et
931 3587 1090 3659 amundi
1113 3588 1356 3683 impedimento
1385 3602 1419 3664 et

102 3693 317 3775 asaemlari
338 3690 510 3768 desiderio
537 3691 643 3765 corda
669 3713 789 3763 eorum
816 3689 994 3763 defendat:
1022 3699 1059 3761 ut
1085 3691 1174 3762 sicut
1202 3693 1420 3769 immutantur
1453 3782 1457 3791 .

169 3921 244 4003 t)1n
260 3927 454 3991 vetustioribus
470 3927 547 3987 libris
561 3931 631 3986 haec
649 3930 765 3987 formula
787 3927 948 4002 saepissime
963 3936 1006 3987 eet
1023 3927 1141 4006 omissa,
1158 3937 1187 3987 at
1199 3929 1291 3987 iudea
1305 3931 1419 3988 saeculo

104 4007 306 4069 decimotertio
318 4012 477 4070 occurritin
493 4014 616 4090 plurimis
626 4015 678 4072 sed
688 4013 834 4088 prolixior.
856 4013 1252 4089 lnPontidealilloguntinensi
1262 4015 1419 4072 saeclllV.

104 4103 231 4152 arcentur
245 4097 279 4152 ab
296 4097 438 4154 ordinibus
455 4098 540 4155 sacris
562 4107 673 4172 praeter
688 4087 762 4170 illos,
780 4097 826 4170 qui
843 4098 1067 4171 supranominati
1084 4106 1147 4156 sunt
1162 4131 1252 4173 -‚-
1266 4097 1419 4169 simoniaci,

104 4179 254 4252 epileptici,
268 4182 313 4238 vel
325 4183 416 4254 aliquo
429 4185 548 4239 membro
562 4183 685 4255 mutilati,
696 4184 740 4240 vel
753 4198 871 4255 corpore
887 4183 1035 4240 enormiter
1048 4184 1172 4240 vitiatie.
1182 4201 1216 4238 m.
1229 4198 1254 4237 a
1277 4208 1282 4217 ¹

166 4265 194 4333 ι)
206 4266 327 4325 Tousura
339 4284 399 4325 cum
409 4269 520 4324 saecuto
533 4267 639 4324 demum
648 4275 727 4326 sexto
740 4275 767 4324 et
777 4267 894 4339 septimo
904 4268 932 4325 iu
943 4267 1061 4325 ecclesia
1069 4267 1182 4341 probari
1194 4274 1275 4338 atque
1287 4264 1314 4321 in
1328 4265 1416 4323 omni-

45 4390 51 4397 .
102 4348 154 4405 bus
166 4349 292 4409 ecclesiia
303 4358 332 4408 ut
339 4352 509 4409 cousuetudo
522 4352 659 4409 introduci
671 4351 849 4437 coepisset,
840 4369 868 4408 m
882 4351 1075 4410 uetustissimis
1083 4349 1307 4409 Sacramentariis
1317 4350 1417 4409 deesse

105 4431 262 4492 Ordines
289 4435 331 4495 uc
357 4436 505 4495 clerico
529 4429 713 4496 iaciendo
739 4438 811 4500 baud
833 4437 984 4501 miraberis
1017 4436 1133 4493 Exstant
1153 4443 1243 4492 tamen
1268 4434 1417 4494 Oratio·

103 4533 166 4575 nee
188 4517 231 4575 ad
255 4517 434 4579 clericum
465 4521 703 4579 iaciendum
695 4538 728 4587 un
742 4522 844 4582 (lodice
869 4523 899 4579 S
914 4521 1020 4594 Elicii,
1041 4522 1071 4587 in
1092 4519 1417 4617 Codioeliotomagensia

104 4597 241 4690 ecciesiae
254 4603 409 4675 Anglicano
420 4623 460 4668 cc.
473 4607 520 4664 tx.
532 4606 604 4680 apud
615 4601 849 4679 llorinum,squoo
866 4605 1065 4680 antiquissimas
1079 4605 1196 4662 omnium
1210 4605 1292 4664 iacile
1306 4603 1418 4664 dixeris
