3202 5176
761 305 835 375 282

136 500 184 568 ris
206 517 296 590 pane
315 502 388 582 tuo,
408 491 489 562 dicit
510 489 678 562 Dominus
698 489 742 560 ad
763 489 889 576 Adam,
912 508 989 556 cum
1011 496 1174 581 operatus
1192 485 1300 558 fueris
1317 495 1460 575 terrani,

136 620 207 669 non
228 596 320 668 dabit
339 594 471 666 fructus
493 613 589 680 suos,
612 592 674 665 sed
694 594 808 687 spinas
828 601 862 661 et
883 588 1028 661 tribulos
1050 586 1254 680 germinabit
1275 587 1345 659 tibi.
1391 587 1460 660 Pro

138 723 181 771 eo
206 699 297 792 quod
317 697 439 768 audisti
460 716 587 766 vocem
606 697 727 766 uxoris
746 704 827 763 tuae
845 693 924 787 plus'
946 711 1046 784 quam
1066 713 1141 761 mer
1163 689 1346 760 maledicta
1365 700 1460 761 terra

136 807 172 871 in
194 823 301 896 opere
323 794 396 886 tuo,
419 819 488 866 non
508 796 599 866 dabit
619 797 752 867 fructus
771 817 853 868 suos
873 792 935 864 sed
953 794 1077 887 spinas.
1119 790 1213 862 Ecce
1228 792 1342 863 Adam
1363 795 1461 887 quasi

136 925 225 974 unus
252 924 272 971 e
295 900 394 971 nobis
420 899 531 969 iactus
554 907 620 980 est,
643 901 756 970 sciens
778 897 905 966 bonum
926 905 960 965 et
981 894 1129 982 maluml
1157 893 1283 995 Videte
1303 917 1349 964 ne
1369 894 1461 965 forte

138 1013 249 1077 sumat
283 1002 326 1072 de
360 1002 455 1093 ligno
483 1003 577 1070 vitae
613 1010 646 1070 et
674 1002 772 1070 vivat
798 1000 833 1066 in
855 1007 1042 1099 aeternum.
1091 996 1257 1090 Fecitque
1290 997 1461 1097 Dominus

137 1106 239 1177 Adae
270 1106 419 1174 tunicam
445 1102 712 1198 pelliceam-et
744 1099 851 1170 induit
881 1121 960 1168 eum
992 1108 1026 1168 et
1053 1100 1116 1169 ait:
1150 1098 1285 1203 Videte.
1332 1097 1459 1170 Gloria,

140 1207 276 1277 Videte.

245 1317 283 1377 Et
306 1318 350 1377 sic
372 1318 415 1376 eis
437 1324 521 1374 extra
543 1308 647 1374 eiectis
670 1323 700 1374 et
714 1322 783 1373 ante
796 1312 897 1372 valvas
912 1311 1059 1372 ecclesiae
1071 1310 1199 1388 genibus
1214 1312 1300 1372 flexis
1314 1312 1461 1388 gemendo

140 1421 337 1496 manantibus,
351 1419 385 1479 P.
399 1421 429 1477 in
447 1418 548 1477 limine
567 1418 636 1476 ostii
650 1424 741 1491 stans,
760 1424 879 1476 moneat
898 1432 962 1491 eos,
978 1413 1056 1492 quod
1072 1412 1109 1474 de
1123 1413 1242 1474 Domini
1256 1414 1462 1477 misericordia

140 1542 201 1584 nou
226 1521 402 1600 desperem,
423 1519 475 1578 sed
497 1519 631 1596 ieiuniis,
658 1518 857 1593 orationibus,
882 1516 1190 1595 peregrinationibus,
1213 1516 1414 1593 eleemosynis
1433 1525 1463 1578 et

141 1625 207 1684 aliis
222 1624 308 1684 bonis
324 1622 465 1701 operibus
479 1621 654 1699 invigilent,
675 1629 707 1681 ut
719 1619 863 1681 Dominus
879 1618 915 1678 ad
929 1619 1049 1695 dignum
1063 1617 1189 1679 fructum
1204 1636 1293 1679 verae
1305 1619 1460 1698 poeniten-

141 1728 200 1785 tiae
215 1744 269 1786 eos
283 1723 441 1805 perducat;
456 1723 594 1803 quodque
611 1723 686 1783 ieria
699 1722 726 1781 V
740 1724 769 1782 in
784 1721 883 1783 Coena
899 1721 1018 1781 Domini
1032 1720 1172 1798 redeant,
1194 1723 1332 1799 quoniam
1347 1730 1418 1781 ωηο
1431 1723 1459 1781 in

142 1836 270 1888 sanctam
292 1826 449 1888 ecclesiam
470 1826 665 1901 reducentur,
686 1844 770 1903 quam
787 1843 881 1903 usque
895 1833 965 1884 tunc
978 1823 1095 1900 ingredi
1110 1841 1169 1884 non
1184 1834 1384 1903 praesumant.
1424 1822 1461 1885 Et

141 1948 212 1990 mox
231 1929 377 1990 Pontilice
397 1946 460 1987 cum
485 1929 682 2007 processione
703 1926 739 1987 ad
762 1926 890 1991 Chorum
912 1925 1075 2004 redeunte,
1102 1926 1208 1987 valvae
1226 1926 1375 1987 ecclesiae
1394 1935 1461 1987 ante

143 2030 247 2092 oculos
263 2048 366 2090 eorum
384 2029 558 2090 clauduntur
574 2037 603 2089 et
617 2030 758 2108 incipitur
770 2028 859 2089 blissa
874 2037 904 2088 et
919 2027 1090 2107 proceditur
1104 2028 1208 2090 ordine
1222 2015 1327 2116 sual)

245 2139 334 2227 beria
345 2146 382 2207 V.
399 2146 518 2208 Coenae
531 2147 651 2206 Domini
666 2146 715 2223 P.,
741 2148 880 2208 ministris
901 2149 1010 2226 paratis
1030 2157 1059 2209 et
1077 2149 1198 2230 insuper
1212 2148 1252 2210 lv
1265 2148 1460 2223 subdiaconis

143 2250 253 2330 paratis
268 2257 298 2308 et
311 2266 370 2309 uno
383 2249 517 2308 Diacono
533 2246 569 2306 de
583 2248 797 2326 antiquioribus
812 2258 899 2329 atque
915 2249 1132 2312 Archidiaoono
1147 2252 1309 2333 prosternit
1323 2271 1359 2312 se
1372 2270 1461 2332 super

143 2351 348 2421 faldistorium,
363 2368 461 2411 coram
482 2349 567 2409 altari
587 2350 688 2409 dicens
712 2368 775 2409 oum
796 2353 937 2429 praefatis
960 2353 1101 2413 ministris
1119 2362 1149 2414 et
1164 2355 1245 2415 clero
1260 2353 1313 2415 vll
1327 2354 1462 2416 Psalmos

143 2452 372 2534 poenitentiales
395 2462 424 2512 et
445 2451 583 2512 litanias.
618 2451 811 2512 Poenitentes
834 2471 907 2513 vero
927 2463 1000 2513 tunc
1020 2463 1089 2515 ante
1107 2456 1190 2517 fores
1211 2456 1357 2519 ecclesiae
1377 2456 1463 2518 nudis

144 2554 271 2635 pedibus
293 2555 329 2615 ad
352 2564 460 2616 terram
483 2554 625 2635 prostrati
646 2564 781 2631 manent,
809 2563 947 2615 tenentos
972 2557 1001 2616 in
1023 2557 1156 2619 manibus
1175 2577 1280 2622 cereos
1302 2561 1463 2622 extinctos.

145 2657 276 2737 Cumque
290 2659 320 2717 in
336 2658 456 2719 litaniis
473 2656 580 2717 dictum
594 2657 698 2717 luerit:
734 2647 860 2718 Omnes
883 2650 991 2721 sancii
1013 2647 1232 2749 Palliareiiae
1255 2663 1289 2724 el
1310 2652 1463 2750 Prophe-

142 2761 200 2820 tae
221 2749 325 2831 Orate
351 2773 415 2847 pro
441 2749 541 2823 nobis
561 2759 724 2839 paullisper
744 2758 912 2820 subsistitur
931 2768 961 2820 et
976 2757 1007 2820 P.
1023 2761 1111 2822 mittit
1124 2762 1159 2822 ad
1176 2763 1370 2825 Poeuitentes
1389 2765 1464 2827 duos

145 2860 351 2921 Subdiaconos
376 2860 513 2921 candelas
534 2847 678 2921 accensas*
688 2863 717 2921 in
732 2844 864 2922 manibus
879 2863 1023 2923 ferentes·
1066 2863 1123 2938 Qui
1139 2884 1203 2926 cum
1217 2865 1254 2927 ad
1267 2876 1382 2946 portam
1396 2885 1464 2948 per·

145 2964 281 3022 uenerint
301 2969 413 3022 stantes
427 2964 457 3022 in
471 2961 571 3023 liminc
587 2964 655 3023 ostii
675 2963 798 3023 elevatis
817 2964 949 3024 manibus
964 2964 1122 3026 ostendunt
1136 2967 1194 3028 illis
1208 2969 1345 3030 candelas
1360 2989 1465 3032 accen·

108 3136 113 3147 Ι
145 3062 568 3143 sasdicentesdntiphonam:
599 3053 691 3125 Vivo
715 3077 794 3147 egO,
818 3056 898 3128 dicit
911 3057 1090 3149 Dominus,
1116 3061 1199 3133 nolo
1218 3072 1364 3134 mortem
1381 3084 1465 3160 pec,-

146 3158 291 3245 catoris,
315 3155 377 3229 sed
400 3166 436 3227 ut
455 3159 564 3248 magis
592 3168 813 3230 convertatur
836 3168 870 3229 et
889 3163 994 3231 vivat.

250 3286 313 3359 Qua
332 3286 412 3348 linita
428 3289 585 3365 extingunt
600 3307 670 3349 mox
685 3290 764 3367 ipsas
779 3290 915 3351 candelas
930 3296 1028 3352 doram
1042 3292 1100 3353 illis
1117 3302 1146 3355 et
1159 3303 1346 3355 revertuntur
1359 3263 1404 3354 ad¹
1417 3294 1463 3356 lo·

148 3405 212 3448 cum
227 3406 319 3447 sunm.
365 3387 402 3449 llt
416 3389 588 3468 proceditur
605 3392 635 3477 in
647 3389 777 3471 Litaniis.
820 3390 951 3472 Cumque
966 3393 1073 3454 dictum
1090 3381 1182 3457 fuerit
1202 3385 1325 3460 Omnes
1351 3389 1466 3460 sancii

146 3478 318 3575 Martyres
342 3479 445 3554 Orale
464 3505 534 3579 pro
558 3482 670 3574 n0bis,
697 3502 767 3554 tune
780 3496 866 3554 etiam
881 3494 1048 3557 subsistitur
1061 3507 1092 3558 et
1106 3497 1139 3559 P.
1154 3501 1242 3560 mittit
1256 3498 1291 3560 ad
1305 3497 1375 3559 illos
1389 3498 1465 3560 duos

146 3592 221 3653 alius
237 3590 442 3656 subdiaconos
457 3595 544 3656 simili
558 3595 667 3676 modo,
688 3614 753 3656 cum
768 3596 898 3658 candelis
916 3601 1063 3680 accensis,
1079 3601 1172 3680 quiin
1187 3600 1289 3663 limine
1306 3602 1377 3663 ostii
1395 3619 1465 3663 uou-

152 3778 346 3787 ῳ.

210 3888 239 3965 1)
255 3878 511 3950 scorticlarii:
527 3893 602 3950 Ordo
614 3896 759 3966 agentibus
770 3897 905 3967 publicam
917 3898 1121 3969 poenitentiam.
1144 3897 1265 3970 Suscipis
1277 3915 1338 3954 eum
1348 3896 1387 3953 lV
1397 3897 1467 3953 ieriu

145 3992 225 4030 manc
236 3975 264 4031 iu
279 3977 607 4048 capiteQuadragesimae
624 3988 651 4036 et
666 3981 793 4053 cooperis
806 3999 866 4037 eum
878 3983 983 4039 cilicio:
1002 3999 1067 4041 oras
1082 3999 1134 4056 pro
1146 3999 1180 4038 eo
1193 3990 1220 4038 et
1235 3982 1369 4039 inclaudis
1380 3998 1468 4054 usque

145 4060 180 4115 ad
193 4061 313 4117 Coenam
330 4063 446 4118 Domini.
482 4063 533 4130 Oui
552 4063 650 4120 eodem
669 4064 713 4120 die
729 4066 755 4121 iu
771 4068 878 4136 gremio
893 4074 1081 4139 praesentatur
1092 4067 1227 4124 ecclesiae
1240 4074 1268 4123 et
1279 4073 1419 4138 prostrato
1432 4082 1468 4122 eo

145 4146 218 4200 omni
236 4162 355 4219 corpore
373 4148 400 4202 in
416 4155 490 4203 terra
503 4148 548 4204 dat
564 4150 716 4206 credonem
730 4151 856 4207 Pontifex
869 4169 952 4224 super
968 4170 1028 4210 eum
1045 4154 1080 4210 ad
1091 4151 1323 4209 reconciliandum
1334 4152 1361 4207 iu
1373 4151 1468 4223 quinta

144 4229 345 4289 Feria·Coenae
360 4232 467 4289 Domini
488 4234 558 4290 siout
568 4233 606 4289 ibi
618 4235 782 4290 continetur.
796 4266 837 4276 —-
851 4238 950 4297 Saor.
965 4238 1149 4311 Gregorii:
1166 4237 1312 4295 Orationes
1327 4244 1355 4292 et
1366 4237 1470 4293 Preces

144 4329 228 4384 saper
239 4315 427 4374 Poenitentem
439 4319 617 4374 Conlitentem
628 4327 742 4389 peccata
753 4337 801 4378 sua
813 4339 889 4379 more
901 4322 984 4381 solito
1000 4325 1069 4382 feria
1082 4325 1184 4392 Quarta
1195 4322 1266 4378 iufra
1278 4321 1469 4391 Quadragesi·

144 4413 223 4456 mam.
247 4397 351 4458 Exaudi
363 4402 477 4459 Domine
489 4418 586 4474 preces
598 4411 707 4460 nostras
719 4411 772 4465 etc.
795 4407 956 4464 Praeveuiat
969 4410 1040 4466 bunc
1051 4410 1178 4467 lamulum
1191 4415 1264 4465 tuum
1279 4415 1333 4464 etc.
1360 4406 1470 4462 Adesto

143 4480 258 4621 meine
272 4487 519 4560 supplicationibus
534 4487 637 4544 uostris
652 4495 705 4546 etc.
729 4491 844 4548 Domine
855 4493 928 4552 Deus
942 4502 1056 4567 noster,
1079 4493 1125 4566 qui
1137 4493 1289 4552 olicusione
1304 4498 1400 4552 nostra
1413 4496 1470 4547 etc.

143 4580 161 4620 u
192 4584 305 4640 supra.

169 4717 175 4747 l
