3202 5176
824 290 899 371 206

314 502 379 578 Qua
393 498 521 578 repetita
536 495 674 557 Pontifex
689 495 824 575 deposita
838 497 922 558 mitra
941 505 971 556 et
988 505 1070 556 stans
1090 513 1195 556 versus
1211 496 1307 558 'altare
1329 498 1438 560 innotis
1459 507 1528 560 ante
1589 575 1591 586 Ι

211 617 316 688 pectus
338 602 470 665 manibus
495 600 582 660 dicit:
620 587 906 675 ostenderetis
939 589 1087 661 Domine
1118 591 1391 662 misericordiam
1423 601 1525 664 luam.

211 705 253 791 ιι.
280 697 324 769 Ει
344 695 494 771 salutare
521 701 623 763 tuum·
642 692 683 762 da
710 690 834 765 nohis.
873 691 1020 764 Domine
1042 692 1169 774 exaudi
1195 695 1386 765 orationem
1406 716 1526 766 meam
1575 713 1579 717 ’

210 807 253 893 ιι.
287 799 331 871 Ει
364 797 494 869 clamor
525 816 623 868 meus
650 794 693 864 ad
727 805 762 866 te
793 797 920 867 veniat.
974 794 1142 868 Dominus
1170 794 1360 869 vobiscum.
1414 801 1458 888 Pp
1486 796 1528 868 Et

211 926 288 974 eum
312 903 451 997 spiritu
457 908 528 969 tuo.
1202 922 1212 936 ·

164 1084 165 1087 ,
315 1019 470 1092 Oremus.
524 1015 633 1104 Deus,
655 1019 713 1109 qui
741 1017 907 1111 apostolis
934 1019 1000 1089 tuis
1022 991 1185 1089 sanctum
1212 1016 1335 1091 dedisti
1365 1016 1528 1115 Spiritum

211 1133 245 1196 et
265 1145 330 1220 per
353 1144 415 1195 eos
439 1140 627 1211 eorumque
654 1130 878 1193 successores
901 1121 1036 1191 ceteris
1048 1117 1204 1191 fidelihus
1224 1119 1429 1191 tradendum
1452 1142 1528 1194 esse

209 1227 376 1300 voluisti:
413 1226 550 1318 respice
580 1224 801 1322 propitius
782 1221 826 1291 ad
858 1217 1056 1300 humilitatis
1085 1230 1227 1293 nostrae
1258 1221 1460 1293 famulatum
1496 1233 1530 1294 et

210 1338 376 1426 praesta,
409 1336 446 1397 ut
473 1344 594 1396 eorum
621 1323 752 1413 corda,
788 1346 934 1444 qnorum
959 1322 1092 1396 frontes
1120 1345 1221 1396 sacro
1250 1321 1443 1398 Obrismate
1472 1325 1528 1395 de-

211 1432 384 1503 linivimus
412 1438 446 1499 et
475 1430 575 1518 signo
596 1435 739 1508 sanctae
765 1429 879 1500 crucis
902 1428 1133 1529 signavimus,
1162 1423 1251 1498 idem
1275 1425 1424 1522 Spiritus
1446 1416 1541 1498 San?

191 1522 317 1607 'ctus
308 1541 344 1603 ni
371 1533 422 1605 eis
448 1529 698 1624 superveniens
728 1511 892 1622 templum
921 1527 1055 1620 gloriae
1082 1549 1167 1601 snae
1195 1529 1376 1621 dignanter
1402 1528 1529 1600 inhahi-

210 1636 315 1707 tando
349 1631 512 1728 p'erliciat.
568 1627 634 1713 Qui
669 1652 746 1700 cum
774 1631 877 1701 Patre
911 1640 946 1700 ιι
975 1630 1097 1701 eodem
1126 1627 1269 1725 Spiritu
1280 1628 1411 1704 Sancto
1438 1634 1528 1704 vivis

212 1746 246 1811 et
271 1758 399 1828 regnas
422 1734 548 1807 Deus
539 1752 575 1802 ru
600 1732 741 1805 saecula
764 1722 992 1805 saeculorum.
1045 1737 1088 1823 ιι
1116 1732 1273 1805 Amen.

299 1866 428 1929 ·lteinde
452 1864 544 1927 dicit:
565 1852 811 1946 Bene†dioat
836 1874 903 1926 vos
925 1831 1109 1928 Dominus·
1115 1876 1162 1925 ex
1188 1784 1326 1944 Sion,.
1322 1864 1361 1925 ut
1385 1854 1529 1927 videatis

209 1959 309 2056 bona·
327 1957 517 2046 Ierusalem
543 1954 700 2029 omnibus
733 1954 974 2031 diebusvitae
1006 1967 1146 2030 vestrae
1176 1968 1211 2029 ιι
1243 1955 1399 2040 babeatis
1427 1960 1529 2029 vitam

212 2071 396 2132 aeternam.
448 2054 682 2154 ΙιιΗΑιιιιιιῙ)
1205 2086 1211 2101 ·

247 2180 253 2193 ’
315 2206 463 2287 Expedita
484 2206 584 2283 itaque
605 2178 996 2265 confirmationed'ontiiex
1016 2203 1125 2266 sedens
1150 2213 1272 2284 accepta
1297 2206 1380 2265 mitra
1404 2203 1530 2283 patrinis

213 2316 245 2370 ιι
274 2308 406 2370 matrinis
433 2307 604 2383 adnuntiat,
636 2303 715 2384 quod
752 2305 897 2366 instruant
929 2304 1017 2366 lilios·
1040 2326 1111 2367 snos
1145 2305 1233 2369 bonis
1265 2305 1423 2383 moribus,
1455 2304 1531 2384 quod

106 2388 113 2401 ’
212 2405 328 2490 fodiant
352 2408 435 2474 mala·
454 2418 484 2472 et
509 2409 620 2471 iaciant
644 2405 723 2468 bona
750 2406 929 2470 et‘doceant
952 2426 1006 2473 eos
1034 2395 1148 2471 Credo
1175 2398 1348 2472 in'Deum
1376 2417 1406 2469 et
1432 2397 1530 2470 Pater
1568 2437 1572 2447 ·

212 2501 341 2577 Noster
362 2522 394 2575 ιι
413 2502 495 2578 Ave
515 2499 646 2588 Maria3
673 2509 815 2590 quoniam
832 2508 868 2570 ad
887 2509 946 2572 hoc
968 2521 1038 2574 sunt
1058 2510 1192 2590 obligati.
1224 2510 1290 2575 blec
1313 2511 1528 2573 Sacramentum

135 2694 138 2698 Δ
212 2624 313 2696 potest
333 2616 464 2679 conferri
484 2616 580 2677 miuus
605 2612 792 2674 sollemniter
812 2631 989 2695 quocunque
1011 2615 1079 2693 die,
1099 2615 1173 2680 bora
1192 2623 1223 2676 et
1242 2615 1340 2738 loeo.
1337 2633 1377 2680 ex
1393 2631 1480 2674 causa
1499 2609 1529 2672 ad

213 2717 365 2809 arbitrium
384 2711 1567 2800 Eprseop12)'

258 2979 329 3058 l)
358 2981 465 3058 Vetobti
495 2980 612 3038 codices
637 2982 704 3039 lere
728 2997 823 3038 omnes
854 2982 996 3040 continent
1017 2983 1194 3056 prolixiores
1222 2981 1439 3055 Episcopomm·
1430 2996 1529 3053 ·supsr

213 3019 395 3140 confirmatos
427 3066 646 3125 benedictiones.
695 3058 855 3123 l’ontilicale
884 3067 1001 3139 Egberti
1037 3069 1091 3124 hoc
1119 3067 1203 3125 modo
1230 3068 1442 3124 benedicentem
1473 3065 1529 3122 iacit

172 3155 183 3171 ⁸
212 3131 391 3224 Episcopum:
433 3151 442 3167 '
1140 3177 1143 3182 ·
1367 3171 1375 3185 ·

256 3255 405 3312 Benedicat
422 3272 473 3312 vos
492 3255 665 3354 omnipptens
682 3256 765 3326 Deus,
781 3255 826 3327 qni
838 3261 932 3311 cuncta
947 3273 982 3311 ex
992 3257 1076 3313 nihilo
1089 3255 1192 3312 creavit
1203 3264 1232 3312 et
1243 3255 1345 3313 vobis
1337 3274 1365 3312 m
1374 3255 1531 3328 baptismate

200 3345 242 3421 'et
258 3339 471 3400 conmunione
483 3341 675 3399 remissionem
690 3339 808 3397 omnium
823 3347 999 3414 peecatorum
1011 3342 1121 3399 tribuat.
1148 3340 1245 3399 Amen.

256 3442 361 3526 Quique
378 3444 505 3502 Sanctum
523 3444 679 3542 Spiritum'
671 3444 760 3517 rgneis
775 3443 877 3515 linguis
896 3442 953 3523 spis
968 3444 1044 3501 dedit
1064 3443 1219 3518 discipulis,
1236 3444 1320 3501 corda
1339 3449 1432 3500 vestra
1444 3437 1532 3515 ipsius'

212 3519 397 3586 illustratione
408 3530 523 3588 irradiet
536 3518 617 3604 atq'm
632 3530 718 3588 insui
733 3544 863 3586 amorem
865 3504 968 3602 iugiter
983 3529 1125 3586 accendat.
1153 3529 1250 3587 Amen

256 3631 394 3699 Quatenus
410 3633 444 3691 ab
460 3635 585 3693 omnibus
603 3634 679 3692 vitiis
697 3632 857 3693 emundati
850 3633 937 3705 rpsius
952 3633 1131 3707 opitulationo
1143 3633 1177 3691 ab
1190 3632 1315 3691 omnihus
1326 3627 1531 3748 adversitatibus

213 3715 322 3776 defensi
333 3719 461 3790 templum
474 3718 548 3777 illius
563 3713 637 3777 ellici
648 3732 823 3777 mereamur:
835 3717 932 3775 Amen

213 3906 231 3962 d
250 3823 317 3963 ¹lllpl,
308 3821 377 3894 ,qni
387 3837 439 3964 pop
449 3823 555 3883 creavit
565 3825 599 3882 ab
613 3823 737 3883 omnibus
748 3818 826 3881 malis
836 3821 1056 3892 imminentibus,
1075 3819 1213 3878 emtodiat
1224 3825 1253 3876 ιι
1269 3817 1304 3874 ab
1316 3819 1391 3876 omni
1403 3810 1530 3918 pravitate

232 3923 295 3963 een
315 3915 362 3962 at·
441 3923 484 3964 eo.
1100 3925 1108 3938 ·

256 4011 358 4080 Quod
350 4027 418 4085 lpse.
442 4010 538 4069 Amen.
562 4012 732 4070 benedictio.
754 4013 851 4070 Amen.

298 4162 328 4241 ι)
352 4164 423 4228 Olim
437 4163 532 4221 eadem
548 4170 672 4237 tempora
687 4136 900 4236 erantpraebxa
912 4162 1051 4258 baptismo
1064 4160 1233 4218 sollemniter
1248 4157 1420 4223 celebrando
1438 4163 1466 4213 et
1478 4153 1533 4211 hoie

171 4262 172 4269 ¹
213 4211 390 4306 §iuramento
406 4250 513 4307 scilicet
523 4250 663 4306 Paschatis
681 4258 709 4306 et
728 4249 915 4305 Pentecostes.
940 4247 995 4306 Sed
1006 4246 1069 4319 quia
1079 4235 1133 4302 hoc'
1145 4226 1362 4314 Sacramentum
1362 4258 1378 4297 a
1393 4234 1464 4298 solis
1474 4237 1534 4313 lipi-

208 4333 308 4405 'scopis
319 4333 398 4391 datur
398 4335 465 4407 ,qui
479 4349 534 4391 non
546 4341 609 4392 sunt
622 4350 731 4405 semper
745 4340 916 4406 praesentes,
927 4331 972 4388 ubi
984 4331 1141 4402 Presbyteri
1155 4330 1304 4402 baptizant,
1319 4327 1444 4400 oportuit
1456 4340 1534 4398 quan·

214 4423 269 4474 tnm
289 4418 325 4473 ad
342 4433 512 4476 communem
528 4435 604 4475 nsum
618 4418 821 4476 Sacramentum
838 4417 1056 4475 confirmationis
1075 4416 1155 4472 etiam
1167 4412 1196 4472 in
1211 4415 1264 4470 alio
1279 4421 1407 4485 tempora
1425 4408 1564 4466 differri.

105 4542 111 4552 ι
213 4501 329 4574 haeum
350 4504 513 4561 hlonastsrm
540 4503 767 4575 „Sacramentum
788 4501 1064 4559 Confirmationis-ad
1080 4500 1121 4557 sui
1141 4499 1343 4575 susceptionem
1360 4513 1416 4553 non
1433 4495 1538 4564 obligat

215 4586 456 4684 quidsmgraviter
467 4588 519 4684 pisi
534 4605 585 4663 per
597 4588 741 4646 accidens.
753 4595 783 4644 ut
800 4587 823 4644 si
841 4587 884 4643 ιιι
903 4587 971 4644 alius
989 4584 1184 4683 deflectendia
1205 4585 1259 4641 lide
1279 4581 1463 4657 pericnlum
1455 4577 1537 4638 narmi·
