<?xml version="1.0" encoding="UTF-8"?>
<!DOCTYPE html PUBLIC "-//W3C//DTD XHTML 1.0 Transitional//EN"
    "http://www.w3.org/TR/xhtml1/DTD/xhtml1-transitional.dtd">
<html xmlns="http://www.w3.org/1999/xhtml" xml:lang="en" lang="en">
 <head>
  <title>
</title>
<meta http-equiv="Content-Type" content="text/html;charset=utf-8" />
  <meta name='ocr-system' content='tesseract 3.04.00' />
  <meta name='ocr-capabilities' content='ocr_page ocr_carea ocr_par ocr_line ocrx_word'/>
</head>
<body>
  <div class='ocr_page' id='page_1' title='image "./codexliturgicus02danigoog_0382.png"; bbox 0 0 3202 5176; ppageno 0'>
   <div class='ocr_carea' id='block_1_1' title="bbox 764 351 839 420">
    <p class='ocr_par' dir='ltr' id='par_1_1' title="bbox 764 351 839 420">
     <span class='ocr_line' id='line_1_1' title="bbox 764 351 839 420; baseline -0.027 0"><span class='ocrx_word' id='word_1_1' title='bbox 764 351 839 420; x_wconf 82' lang='lat'><strong>339</strong></span> 
     </span>
    </p>
   </div>
   <div class='ocr_carea' id='block_1_2' title="bbox 138 527 1478 937">
    <p class='ocr_par' dir='ltr' id='par_1_2' title="bbox 138 527 1478 937">
     <span class='ocr_line' id='line_1_2' title="bbox 138 527 1478 624; baseline 0.003 -22"><span class='ocrx_word' id='word_1_2' title='bbox 138 566 166 583; x_wconf 67' lang='lat'><strong>⁴·</strong></span> <span class='ocrx_word' id='word_1_3' title='bbox 247 541 397 621; x_wconf 88' lang='lat' dir='ltr'><strong>Pauperes</strong></span> <span class='ocrx_word' id='word_1_4' title='bbox 415 558 505 618; x_wconf 84' lang='lat' dir='ltr'><strong>uero,</strong></span> <span class='ocrx_word' id='word_1_5' title='bbox 527 541 632 621; x_wconf 92' lang='lat' dir='ltr'><strong>quihus</strong></span> <span class='ocrx_word' id='word_1_6' title='bbox 649 545 770 605; x_wconf 75' lang='lat' dir='ltr'><strong>mortuis</strong></span> <span class='ocrx_word' id='word_1_7' title='bbox 784 543 857 605; x_wconf 91' lang='lat' dir='ltr'><strong>nihil</strong></span> <span class='ocrx_word' id='word_1_8' title='bbox 871 553 921 603; x_wconf 94' lang='lat' dir='ltr'><strong>aut</strong></span> <span class='ocrx_word' id='word_1_9' title='bbox 934 561 1035 623; x_wconf 90' lang='lat' dir='ltr'><strong>parum</strong></span> <span class='ocrx_word' id='word_1_10' title='bbox 1049 545 1087 604; x_wconf 90' lang='lat' dir='ltr'><strong>ita</strong></span> <span class='ocrx_word' id='word_1_11' title='bbox 1105 554 1259 624; x_wconf 74' lang='lat' dir='ltr'>superest,</span> <span class='ocrx_word' id='word_1_12' title='bbox 1283 554 1314 605; x_wconf 92' lang='lat' dir='ltr'><strong>ut</strong></span> <span class='ocrx_word' id='word_1_13' title='bbox 1328 545 1458 624; x_wconf 87' lang='lat' dir='ltr'><strong>propriis</strong></span> <span class='ocrx_word' id='word_1_14' title='bbox 1474 527 1478 534; x_wconf 39' lang='lat'>⁵</span> 
     </span>
     <span class='ocr_line' id='line_1_3' title="bbox 142 643 1459 725; baseline 0.006 -23"><span class='ocrx_word' id='word_1_15' title='bbox 142 643 285 722; x_wconf 74' lang='lat' dir='ltr'>impensis</span> <span class='ocrx_word' id='word_1_16' title='bbox 308 643 420 703; x_wconf 90' lang='lat' dir='ltr'><strong>humari</strong></span> <span class='ocrx_word' id='word_1_17' title='bbox 440 661 499 704; x_wconf 92' lang='lat' dir='ltr'><strong>non</strong></span> <span class='ocrx_word' id='word_1_18' title='bbox 520 647 654 723; x_wconf 75' lang='lat' dir='ltr'><strong>possint,</strong></span> <span class='ocrx_word' id='word_1_19' title='bbox 675 648 768 723; x_wconf 77' lang='lat' dir='ltr'><strong>gratis</strong></span> <span class='ocrx_word' id='word_1_20' title='bbox 783 648 903 708; x_wconf 92' lang='lat' dir='ltr'><strong>omniuo</strong></span> <span class='ocrx_word' id='word_1_21' title='bbox 918 645 1101 725; x_wconf 90' lang='lat' dir='ltr'><strong>sepeliantur</strong></span> <span class='ocrx_word' id='word_1_22' title='bbox 1114 665 1149 706; x_wconf 88' lang='lat' dir='ltr'><strong>ac</strong></span> <span class='ocrx_word' id='word_1_23' title='bbox 1163 647 1261 708; x_wconf 86' lang='lat' dir='ltr'><strong>debite</strong></span> <span class='ocrx_word' id='word_1_24' title='bbox 1275 647 1383 707; x_wconf 88' lang='lat' dir='ltr'><strong>lumina</strong></span> <span class='ocrx_word' id='word_1_25' title='bbox 1397 651 1459 711; x_wconf 82' lang='lat' dir='ltr'><strong>suis</strong></span> 
     </span>
     <span class='ocr_line' id='line_1_4' title="bbox 143 745 1458 853; baseline 0.005 -49"><span class='ocrx_word' id='word_1_26' title='bbox 143 745 297 824; x_wconf 74' lang='lat' dir='ltr'><strong>impensis,</strong></span> <span class='ocrx_word' id='word_1_27' title='bbox 313 748 338 805; x_wconf 90' lang='lat' dir='ltr'><strong>si</strong></span> <span class='ocrx_word' id='word_1_28' title='bbox 354 763 429 824; x_wconf 91' lang='lat' dir='ltr'><strong>opus</strong></span> <span class='ocrx_word' id='word_1_29' title='bbox 443 745 544 822; x_wconf 88' lang='lat' dir='ltr'><strong>luerit,</strong></span> <span class='ocrx_word' id='word_1_30' title='bbox 558 747 737 809; x_wconf 76' lang='lat' dir='ltr'><strong>Sacerdotes</strong></span> <span class='ocrx_word' id='word_1_31' title='bbox 751 749 929 853; x_wconf 78' lang='lat' dir='ltr'><strong>impendant,</strong></span> <span class='ocrx_word' id='word_1_32' title='bbox 945 748 993 808; x_wconf 84' lang='lat' dir='ltr'><strong>uel</strong></span> <span class='ocrx_word' id='word_1_33' title='bbox 1007 749 1104 827; x_wconf 90' lang='lat' dir='ltr'><strong>aliqua</strong></span> <span class='ocrx_word' id='word_1_34' title='bbox 1118 749 1166 827; x_wconf 92' lang='lat' dir='ltr'><strong>pia</strong></span> <span class='ocrx_word' id='word_1_35' title='bbox 1177 750 1418 827; x_wconf 74' lang='lat' dir='ltr'><strong>confraternitas,</strong></span> <span class='ocrx_word' id='word_1_36' title='bbox 1431 751 1458 810; x_wconf 88' lang='lat' dir='ltr'><strong>si</strong></span> 
     </span>
     <span class='ocr_line' id='line_1_5' title="bbox 142 836 788 937; baseline 0.009 -31"><span class='ocrx_word' id='word_1_37' title='bbox 142 847 250 923; x_wconf 85' lang='lat' dir='ltr'><strong>luerit,</strong></span> <span class='ocrx_word' id='word_1_38' title='bbox 265 849 346 909; x_wconf 87' lang='lat' dir='ltr'><strong>iuxta</strong></span> <span class='ocrx_word' id='word_1_39' title='bbox 359 847 419 908; x_wconf 92' lang='lat' dir='ltr'><strong>loci</strong></span> <span class='ocrx_word' id='word_1_40' title='bbox 433 847 686 912; x_wconf 80' lang='lat' dir='ltr'><strong>consuetudinem</strong></span> <span class='ocrx_word' id='word_1_41' title='bbox 698 836 788 937; x_wconf 86' lang='lat'><strong>-¹)</strong></span> 
     </span>
    </p>
   </div>
   <div class='ocr_carea' id='block_1_3' title="bbox 122 948 1457 1334">
    <p class='ocr_par' dir='ltr' id='par_1_3' title="bbox 122 948 1457 1334">
     <span class='ocr_line' id='line_1_6' title="bbox 246 948 1457 1031; baseline 0.002 -23"><span class='ocrx_word' id='word_1_42' title='bbox 246 948 389 1028; x_wconf 90' lang='lat' dir='ltr'><strong>Sepulcra</strong></span> <span class='ocrx_word' id='word_1_43' title='bbox 404 948 595 1011; x_wconf 90' lang='lat' dir='ltr'><strong>Sacerdotum</strong></span> <span class='ocrx_word' id='word_1_44' title='bbox 611 960 640 1012; x_wconf 93' lang='lat' dir='ltr'><strong>et</strong></span> <span class='ocrx_word' id='word_1_45' title='bbox 654 952 837 1014; x_wconf 72' lang='lat' dir='ltr'><strong>clericorum</strong></span> <span class='ocrx_word' id='word_1_46' title='bbox 852 953 1053 1031; x_wconf 88' lang='lat' dir='ltr'><strong>cuiuscunque</strong></span> <span class='ocrx_word' id='word_1_47' title='bbox 1067 950 1190 1028; x_wconf 90' lang='lat' dir='ltr'><strong>ordinis,</strong></span> <span class='ocrx_word' id='word_1_48' title='bbox 1205 953 1253 1012; x_wconf 91' lang='lat' dir='ltr'><strong>uhi</strong></span> <span class='ocrx_word' id='word_1_49' title='bbox 1269 953 1333 1011; x_wconf 89' lang='lat' dir='ltr'><strong>lieri</strong></span> <span class='ocrx_word' id='word_1_50' title='bbox 1348 959 1457 1031; x_wconf 92' lang='lat' dir='ltr'><strong>potest,</strong></span> 
     </span>
     <span class='ocr_line' id='line_1_7' title="bbox 142 1050 1457 1132; baseline 0.002 -21"><span class='ocrx_word' id='word_1_51' title='bbox 142 1069 159 1111; x_wconf 89' lang='grc' dir='ltr'><strong>ι</strong></span> <span class='ocrx_word' id='word_1_52' title='bbox 179 1050 324 1129; x_wconf 79' lang='lat' dir='ltr'><strong>sepulcris</strong></span> <span class='ocrx_word' id='word_1_53' title='bbox 344 1050 484 1112; x_wconf 87' lang='lat' dir='ltr'><strong>laicorum</strong></span> <span class='ocrx_word' id='word_1_54' title='bbox 500 1063 636 1132; x_wconf 90' lang='lat' dir='ltr'><strong>separata</strong></span> <span class='ocrx_word' id='word_1_55' title='bbox 650 1056 709 1115; x_wconf 84' lang='lat' dir='ltr'><strong>sint</strong></span> <span class='ocrx_word' id='word_1_56' title='bbox 724 1073 759 1115; x_wconf 88' lang='lat' dir='ltr'><strong>ac</strong></span> <span class='ocrx_word' id='word_1_57' title='bbox 776 1054 939 1116; x_wconf 87' lang='lat' dir='ltr'><strong>decentiori</strong></span> <span class='ocrx_word' id='word_1_58' title='bbox 953 1053 1022 1114; x_wconf 86' lang='lat' dir='ltr'><strong>loco</strong></span> <span class='ocrx_word' id='word_1_59' title='bbox 1037 1054 1108 1114; x_wconf 89' lang='lat' dir='ltr'><strong>site:</strong></span> <span class='ocrx_word' id='word_1_60' title='bbox 1134 1063 1222 1132; x_wconf 89' lang='lat' dir='ltr'><strong>atque</strong></span> <span class='ocrx_word' id='word_1_61' title='bbox 1236 1057 1293 1130; x_wconf 92' lang='lat' dir='ltr'><strong>ita,</strong></span> <span class='ocrx_word' id='word_1_62' title='bbox 1316 1054 1365 1113; x_wconf 91' lang='lat' dir='ltr'><strong>uhi</strong></span> <span class='ocrx_word' id='word_1_63' title='bbox 1380 1071 1457 1113; x_wconf 89' lang='lat' dir='ltr'><strong>com·</strong></span> 
     </span>
     <span class='ocr_line' id='line_1_8' title="bbox 142 1153 1457 1235; baseline 0.002 -23"><span class='ocrx_word' id='word_1_64' title='bbox 142 1153 259 1214; x_wconf 88' lang='lat' dir='ltr'><strong>modum</strong></span> <span class='ocrx_word' id='word_1_65' title='bbox 272 1153 376 1230; x_wconf 86' lang='lat' dir='ltr'><strong>luerit,</strong></span> <span class='ocrx_word' id='word_1_66' title='bbox 392 1153 493 1215; x_wconf 91' lang='lat' dir='ltr'><strong>utalia</strong></span> <span class='ocrx_word' id='word_1_67' title='bbox 510 1173 565 1235; x_wconf 93' lang='lat' dir='ltr'><strong>pro</strong></span> <span class='ocrx_word' id='word_1_68' title='bbox 579 1157 801 1234; x_wconf 88' lang='lat' dir='ltr'><strong>Sacerdotibus,</strong></span> <span class='ocrx_word' id='word_1_69' title='bbox 815 1156 865 1216; x_wconf 93' lang='lat' dir='ltr'><strong>alii</strong></span> <span class='ocrx_word' id='word_1_70' title='bbox 879 1173 934 1235; x_wconf 93' lang='lat' dir='ltr'><strong>pro</strong></span> <span class='ocrx_word' id='word_1_71' title='bbox 949 1156 1099 1217; x_wconf 82' lang='lat' dir='ltr'><strong>inferioris</strong></span> <span class='ocrx_word' id='word_1_72' title='bbox 1116 1155 1228 1217; x_wconf 91' lang='lat' dir='ltr'><strong>ordinis</strong></span> <span class='ocrx_word' id='word_1_73' title='bbox 1243 1155 1389 1217; x_wconf 88' lang='lat' dir='ltr'><strong>ecclesiae</strong></span> <span class='ocrx_word' id='word_1_74' title='bbox 1406 1156 1457 1214; x_wconf 93' lang='lat' dir='ltr'><strong>mi·</strong></span> 
     </span>
     <span class='ocr_line' id='line_1_9' title="bbox 122 1257 582 1334; baseline 0.007 -20"><span class='ocrx_word' id='word_1_75' title='bbox 122 1257 242 1317; x_wconf 77' lang='lat' dir='ltr'><strong>&#39;nistris</strong></span> <span class='ocrx_word' id='word_1_76' title='bbox 261 1264 380 1334; x_wconf 91' lang='lat' dir='ltr'><strong>paratae</strong></span> <span class='ocrx_word' id='word_1_77' title='bbox 392 1257 460 1316; x_wconf 90' lang='lat' dir='ltr'><strong>srnt</strong></span> <span class='ocrx_word' id='word_1_78' title='bbox 482 1288 521 1298; x_wconf 88' lang='lat'><strong>—</strong></span> <span class='ocrx_word' id='word_1_79' title='bbox 545 1288 582 1297; x_wconf 95' lang='lat'>—</span> 
     </span>
    </p>
   </div>
   <div class='ocr_carea' id='block_1_4' title="bbox 124 1445 1457 2462">
    <p class='ocr_par' dir='ltr' id='par_1_4' title="bbox 143 1445 664 1537">
     <span class='ocr_line' id='line_1_10' title="bbox 143 1445 664 1537; baseline 0.002 -17"><span class='ocrx_word' id='word_1_80' title='bbox 143 1457 251 1520; x_wconf 83' lang='lat' dir='ltr'><strong>Clerici</strong></span> <span class='ocrx_word' id='word_1_81' title='bbox 265 1476 303 1519; x_wconf 93' lang='lat' dir='ltr'><strong>ne</strong></span> <span class='ocrx_word' id='word_1_82' title='bbox 317 1457 454 1519; x_wconf 88' lang='lat' dir='ltr'><strong>delerant</strong></span> <span class='ocrx_word' id='word_1_83' title='bbox 469 1461 521 1520; x_wconf 92' lang='lat' dir='ltr'><strong>sed</strong></span> <span class='ocrx_word' id='word_1_84' title='bbox 534 1460 622 1521; x_wconf 88' lang='lat' dir='ltr'><strong>Laici.</strong></span> <span class='ocrx_word' id='word_1_85' title='bbox 630 1445 664 1537; x_wconf 72' lang='grc'><strong>2)</strong></span> 
     </span>
    </p>

    <p class='ocr_par' dir='ltr' id='par_1_5' title="bbox 124 1538 1456 1742">
     <span class='ocr_line' id='line_1_11' title="bbox 245 1538 1456 1641; baseline -0.003 -20"><span class='ocrx_word' id='word_1_86' title='bbox 245 1558 378 1639; x_wconf 84' lang='lat' dir='ltr'><strong>Corpora</strong></span> <span class='ocrx_word' id='word_1_87' title='bbox 393 1561 620 1622; x_wconf 81' lang='lat' dir='ltr'><strong>detunctorum</strong></span> <span class='ocrx_word' id='word_1_88' title='bbox 612 1580 642 1621; x_wconf 85' lang='lat' dir='ltr'><strong>un</strong></span> <span class='ocrx_word' id='word_1_89' title='bbox 657 1538 783 1623; x_wconf 88' lang='lat' dir='ltr'><strong>ecclesia</strong></span> <span class='ocrx_word' id='word_1_90' title='bbox 797 1561 935 1641; x_wconf 93' lang='lat' dir='ltr'><strong>ponenda</strong></span> <span class='ocrx_word' id='word_1_91' title='bbox 949 1570 1018 1621; x_wconf 91' lang='lat' dir='ltr'><strong>sunt</strong></span> <span class='ocrx_word' id='word_1_92' title='bbox 1032 1559 1157 1641; x_wconf 87' lang='lat' dir='ltr'><strong>pedihus</strong></span> <span class='ocrx_word' id='word_1_93' title='bbox 1172 1579 1276 1622; x_wconf 86' lang='lat' dir='ltr'><strong>versus</strong></span> <span class='ocrx_word' id='word_1_94' title='bbox 1291 1561 1384 1621; x_wconf 89' lang='lat' dir='ltr'><strong>altare</strong></span> <span class='ocrx_word' id='word_1_95' title='bbox 1399 1576 1456 1619; x_wconf 90' lang='lat' dir='ltr'><strong>ma·</strong></span> 
     </span>
     <span class='ocr_line' id='line_1_12' title="bbox 124 1649 1321 1746; baseline 0.001 -24"><span class='ocrx_word' id='word_1_96' title='bbox 124 1699 125 1702; x_wconf 59' lang='lat'><em>=</em></span> <span class='ocrx_word' id='word_1_97' title='bbox 141 1664 203 1723; x_wconf 91' lang='lat' dir='ltr'><strong>ius:</strong></span> <span class='ocrx_word' id='word_1_98' title='bbox 221 1661 390 1742; x_wconf 76' lang='lat' dir='ltr'><strong>presbyteri</strong></span> <span class='ocrx_word' id='word_1_99' title='bbox 403 1680 476 1723; x_wconf 86' lang='lat' dir='ltr'><strong>vero</strong></span> <span class='ocrx_word' id='word_1_100' title='bbox 493 1661 602 1722; x_wconf 91' lang='lat' dir='ltr'><strong>habent</strong></span> <span class='ocrx_word' id='word_1_101' title='bbox 616 1671 702 1742; x_wconf 90' lang='lat' dir='ltr'><strong>eaput</strong></span> <span class='ocrx_word' id='word_1_102' title='bbox 716 1679 821 1746; x_wconf 85' lang='lat' dir='ltr'><strong>versus</strong></span> <span class='ocrx_word' id='word_1_103' title='bbox 834 1663 927 1723; x_wconf 92' lang='lat' dir='ltr'><strong>altare</strong></span> <span class='ocrx_word' id='word_1_104' title='bbox 944 1700 988 1710; x_wconf 97' lang='lat'><em>-</em></span> <span class='ocrx_word' id='word_1_105' title='bbox 1012 1694 1048 1703; x_wconf 95' lang='lat'>—</span> <span class='ocrx_word' id='word_1_106' title='bbox 1061 1649 1093 1738; x_wconf 78' lang='lat'><strong>³)</strong></span> <span class='ocrx_word' id='word_1_107' title='bbox 1317 1664 1321 1674; x_wconf 81' lang='grc'><strong><em>’</em></strong></span> 
     </span>
    </p>

    <p class='ocr_par' dir='ltr' id='par_1_6' title="bbox 139 1759 1457 2462">
     <span class='ocr_line' id='line_1_13' title="bbox 195 1759 1457 1843; baseline -0.003 -19.842"><span class='ocrx_word' id='word_1_108' title='bbox 195 1763 388 1840; x_wconf 81' lang='lat' dir='ltr'><strong>lgnorare</strong></span> <span class='ocrx_word' id='word_1_109' title='bbox 407 1781 467 1825; x_wconf 92' lang='lat' dir='ltr'><strong>non</strong></span> <span class='ocrx_word' id='word_1_110' title='bbox 490 1763 580 1825; x_wconf 91' lang='lat' dir='ltr'><strong>debet</strong></span> <span class='ocrx_word' id='word_1_111' title='bbox 593 1763 760 1840; x_wconf 88' lang='lat' dir='ltr'><strong>Paroohus,</strong></span> <span class='ocrx_word' id='word_1_112' title='bbox 784 1765 833 1843; x_wconf 93' lang='lat' dir='ltr'><strong>qui</strong></span> <span class='ocrx_word' id='word_1_113' title='bbox 854 1762 890 1823; x_wconf 91' lang='lat' dir='ltr'><strong>ab</strong></span> <span class='ocrx_word' id='word_1_114' title='bbox 912 1763 1112 1824; x_wconf 88' lang='lat' dir='ltr'><strong>ecclesiastiea</strong></span> <span class='ocrx_word' id='word_1_115' title='bbox 1132 1759 1312 1840; x_wconf 89' lang='lat' dir='ltr'><strong>sepultura</strong></span> <span class='ocrx_word' id='word_1_116' title='bbox 1304 1778 1370 1840; x_wconf 82' lang='lat' dir='ltr'><strong>ipso</strong></span> <span class='ocrx_word' id='word_1_117' title='bbox 1392 1761 1457 1819; x_wconf 89' lang='lat' dir='ltr'><strong>iure</strong></span> 
     </span>
     <span class='ocr_line' id='line_1_14' title="bbox 141 1860 1456 1946; baseline -0.002 -23"><span class='ocrx_word' id='word_1_118' title='bbox 141 1873 209 1925; x_wconf 92' lang='lat' dir='ltr'><strong>sunt</strong></span> <span class='ocrx_word' id='word_1_119' title='bbox 223 1864 407 1928; x_wconf 86' lang='lat' dir='ltr'><strong>excludendi.</strong></span> <span class='ocrx_word' id='word_1_120' title='bbox 433 1864 587 1944; x_wconf 84' lang='lat' dir='ltr'><strong>Negatur</strong></span> <span class='ocrx_word' id='word_1_121' title='bbox 579 1867 670 1944; x_wconf 78' lang='lat' dir='ltr'><strong>igitur</strong></span> <span class='ocrx_word' id='word_1_122' title='bbox 683 1865 884 1927; x_wconf 89' lang='lat' dir='ltr'><strong>ecclesiastica</strong></span> <span class='ocrx_word' id='word_1_123' title='bbox 897 1865 1049 1946; x_wconf 90' lang='lat' dir='ltr'><strong>sepultura</strong></span> <span class='ocrx_word' id='word_1_124' title='bbox 1063 1863 1207 1942; x_wconf 80' lang='lat' dir='ltr'><strong>Paganis,</strong></span> <span class='ocrx_word' id='word_1_125' title='bbox 1220 1860 1336 1922; x_wconf 86' lang='lat' dir='ltr'><strong>ludaeis</strong></span> <span class='ocrx_word' id='word_1_126' title='bbox 1351 1870 1382 1921; x_wconf 93' lang='lat' dir='ltr'><strong>et</strong></span> <span class='ocrx_word' id='word_1_127' title='bbox 1396 1878 1456 1922; x_wconf 91' lang='lat' dir='ltr'><strong>om·</strong></span> 
     </span>
     <span class='ocr_line' id='line_1_15' title="bbox 141 1961 1456 2047; baseline -0.005 -19"><span class='ocrx_word' id='word_1_128' title='bbox 141 1967 228 2028; x_wconf 92' lang='lat' dir='ltr'><strong>nibus</strong></span> <span class='ocrx_word' id='word_1_129' title='bbox 252 1966 437 2044; x_wconf 82' lang='lat' dir='ltr'><strong>infidelibus,</strong></span> <span class='ocrx_word' id='word_1_130' title='bbox 460 1967 619 2029; x_wconf 88' lang='lat' dir='ltr'><strong>haereticis</strong></span> <span class='ocrx_word' id='word_1_131' title='bbox 640 1977 791 2029; x_wconf 91' lang='lat' dir='ltr'><strong>eteorum</strong></span> <span class='ocrx_word' id='word_1_132' title='bbox 812 1968 993 2044; x_wconf 81' lang='lat' dir='ltr'><strong>fautoribus,</strong></span> <span class='ocrx_word' id='word_1_133' title='bbox 1017 1966 1159 2047; x_wconf 89' lang='lat' dir='ltr'><strong>apostatis</strong></span> <span class='ocrx_word' id='word_1_134' title='bbox 1174 1961 1373 2026; x_wconf 76' lang='lat' dir='ltr'><strong>ailhristiana</strong></span> <span class='ocrx_word' id='word_1_135' title='bbox 1386 1962 1456 2039; x_wconf 89' lang='lat' dir='ltr'><strong>lide,</strong></span> 
     </span>
     <span class='ocr_line' id='line_1_16' title="bbox 140 2066 1456 2150; baseline -0.005 -21"><span class='ocrx_word' id='word_1_136' title='bbox 140 2069 336 2130; x_wconf 88' lang='lat' dir='ltr'><strong>schismaticis</strong></span> <span class='ocrx_word' id='word_1_137' title='bbox 356 2078 387 2130; x_wconf 88' lang='lat' dir='ltr'><strong>et</strong></span> <span class='ocrx_word' id='word_1_138' title='bbox 406 2068 532 2149; x_wconf 88' lang='lat' dir='ltr'><strong>publicis</strong></span> <span class='ocrx_word' id='word_1_139' title='bbox 555 2071 833 2150; x_wconf 82' lang='lat' dir='ltr'><strong>excommunicatis,</strong></span> <span class='ocrx_word' id='word_1_140' title='bbox 853 2069 1018 2131; x_wconf 90' lang='lat' dir='ltr'><strong>interdictis</strong></span> <span class='ocrx_word' id='word_1_141' title='bbox 1039 2069 1210 2129; x_wconf 90' lang='lat' dir='ltr'><strong>nominatim</strong></span> <span class='ocrx_word' id='word_1_142' title='bbox 1229 2075 1260 2127; x_wconf 92' lang='lat' dir='ltr'><strong>et</strong></span> <span class='ocrx_word' id='word_1_143' title='bbox 1273 2068 1309 2126; x_wconf 92' lang='lat' dir='ltr'><strong>iis</strong></span> <span class='ocrx_word' id='word_1_144' title='bbox 1324 2066 1373 2145; x_wconf 94' lang='lat' dir='ltr'><strong>qui</strong></span> <span class='ocrx_word' id='word_1_145' title='bbox 1389 2072 1456 2125; x_wconf 91' lang='lat' dir='ltr'><strong>sunt</strong></span> 
     </span>
     <span class='ocr_line' id='line_1_17' title="bbox 140 2167 1456 2252; baseline -0.004 -21"><span class='ocrx_word' id='word_1_146' title='bbox 140 2172 170 2231; x_wconf 94' lang='lat' dir='ltr'><strong>in</strong></span> <span class='ocrx_word' id='word_1_147' title='bbox 194 2171 262 2233; x_wconf 86' lang='lat' dir='ltr'><strong>loco</strong></span> <span class='ocrx_word' id='word_1_148' title='bbox 281 2170 461 2250; x_wconf 90' lang='lat' dir='ltr'><strong>interdicto,</strong></span> <span class='ocrx_word' id='word_1_149' title='bbox 485 2190 523 2233; x_wconf 92' lang='lat' dir='ltr'><strong>eo</strong></span> <span class='ocrx_word' id='word_1_150' title='bbox 544 2170 677 2236; x_wconf 92' lang='lat' dir='ltr'><strong>durante</strong></span> <span class='ocrx_word' id='word_1_151' title='bbox 707 2174 775 2233; x_wconf 92' lang='lat' dir='ltr'><strong>Se</strong></span> <span class='ocrx_word' id='word_1_152' title='bbox 766 2191 848 2252; x_wconf 82' lang='lat' dir='ltr'><strong>ipsos</strong></span> <span class='ocrx_word' id='word_1_153' title='bbox 863 2170 1068 2234; x_wconf 89' lang='lat' dir='ltr'><strong>occidentibus</strong></span> <span class='ocrx_word' id='word_1_154' title='bbox 1082 2178 1205 2251; x_wconf 91' lang='lat' dir='ltr'><strong>propter</strong></span> <span class='ocrx_word' id='word_1_155' title='bbox 1218 2167 1456 2249; x_wconf 89' lang='lat' dir='ltr'><strong>desperationem</strong></span> 
     </span>
     <span class='ocr_line' id='line_1_18' title="bbox 139 2215 1456 2363; baseline -0.004 -30"><span class='ocrx_word' id='word_1_156' title='bbox 139 2273 190 2334; x_wconf 83' lang='lat' dir='ltr'><strong>vel</strong></span> <span class='ocrx_word' id='word_1_157' title='bbox 207 2273 388 2335; x_wconf 89' lang='lat' dir='ltr'><strong>iracundiam</strong></span> <span class='ocrx_word' id='word_1_158' title='bbox 410 2215 487 2350; x_wconf 82' lang='lat' dir='ltr'><strong>(ndu</strong></span> <span class='ocrx_word' id='word_1_159' title='bbox 507 2282 604 2335; x_wconf 90' lang='lat' dir='ltr'><strong>tamen</strong></span> <span class='ocrx_word' id='word_1_160' title='bbox 625 2275 650 2334; x_wconf 91' lang='lat' dir='ltr'><strong>si</strong></span> <span class='ocrx_word' id='word_1_161' title='bbox 672 2292 710 2334; x_wconf 88' lang='lat' dir='ltr'><strong>ex</strong></span> <span class='ocrx_word' id='word_1_162' title='bbox 724 2275 836 2337; x_wconf 90' lang='lat' dir='ltr'><strong>insania</strong></span> <span class='ocrx_word' id='word_1_163' title='bbox 851 2273 879 2334; x_wconf 94' lang='lat' dir='ltr'><strong>id</strong></span> <span class='ocrx_word' id='word_1_164' title='bbox 895 2263 1024 2360; x_wconf 87' lang='lat' dir='ltr'><strong>accidat)</strong></span> <span class='ocrx_word' id='word_1_165' title='bbox 1041 2272 1097 2333; x_wconf 88' lang='lat' dir='ltr'><strong>nisi</strong></span> <span class='ocrx_word' id='word_1_166' title='bbox 1111 2281 1179 2332; x_wconf 90' lang='lat' dir='ltr'><strong>ante</strong></span> <span class='ocrx_word' id='word_1_167' title='bbox 1194 2270 1307 2331; x_wconf 92' lang='lat' dir='ltr'><strong>obitum</strong></span> <span class='ocrx_word' id='word_1_168' title='bbox 1321 2269 1456 2363; x_wconf 89' lang='lat' dir='ltr'><strong>dederint</strong></span> 
     </span>
     <span class='ocr_line' id='line_1_19' title="bbox 141 2358 1456 2462; baseline -0.005 -26"><span class='ocrx_word' id='word_1_169' title='bbox 141 2376 227 2452; x_wconf 81' lang='lat' dir='ltr'><strong>signa</strong></span> <span class='ocrx_word' id='word_1_170' title='bbox 241 2377 453 2454; x_wconf 86' lang='lat' dir='ltr'><strong>poenitentiae.</strong></span> <span class='ocrx_word' id='word_1_171' title='bbox 461 2362 497 2462; x_wconf 82' lang='lat'><strong>4)</strong></span> <span class='ocrx_word' id='word_1_172' title='bbox 524 2374 742 2438; x_wconf 86' lang='lat' dir='ltr'><strong>llorientibus</strong></span> <span class='ocrx_word' id='word_1_173' title='bbox 734 2395 763 2436; x_wconf 87' lang='grc' dir='ltr'><strong>ιιι</strong></span> <span class='ocrx_word' id='word_1_174' title='bbox 778 2375 889 2452; x_wconf 94' lang='lat' dir='ltr'><strong>duello,</strong></span> <span class='ocrx_word' id='word_1_175' title='bbox 904 2377 1017 2437; x_wconf 91' lang='lat' dir='ltr'><strong>etiamsi</strong></span> <span class='ocrx_word' id='word_1_176' title='bbox 1032 2383 1100 2436; x_wconf 91' lang='lat' dir='ltr'><strong>ante</strong></span> <span class='ocrx_word' id='word_1_177' title='bbox 1114 2373 1227 2435; x_wconf 91' lang='lat' dir='ltr'><strong>obitum</strong></span> <span class='ocrx_word' id='word_1_178' title='bbox 1240 2370 1375 2434; x_wconf 91' lang='lat' dir='ltr'><strong>dederint</strong></span> <span class='ocrx_word' id='word_1_179' title='bbox 1386 2358 1456 2449; x_wconf 88' lang='lat' dir='ltr'><strong>poe·</strong></span> 
     </span>
    </p>
   </div>
   <div class='ocr_carea' id='block_1_5' title="bbox 140 2577 1455 2741">
    <p class='ocr_par' dir='ltr' id='par_1_7' title="bbox 140 2577 1455 2741">
     <span class='ocr_line' id='line_1_20' title="bbox 142 2577 1455 2659; baseline -0.005 -19"><span class='ocrx_word' id='word_1_180' title='bbox 142 2585 273 2645; x_wconf 92' lang='lat' dir='ltr'><strong>tribuere.</strong></span> <span class='ocrx_word' id='word_1_181' title='bbox 306 2586 404 2640; x_wconf 89' lang='lat' dir='ltr'><strong>Temen</strong></span> <span class='ocrx_word' id='word_1_182' title='bbox 419 2585 571 2641; x_wconf 86' lang='lat' dir='ltr'><strong>nullatenus</strong></span> <span class='ocrx_word' id='word_1_183' title='bbox 586 2602 602 2640; x_wconf 90' lang='lat' dir='ltr'><strong>a</strong></span> <span class='ocrx_word' id='word_1_184' title='bbox 616 2586 786 2659; x_wconf 79' lang='lat' dir='ltr'><strong>presbyteris</strong></span> <span class='ocrx_word' id='word_1_185' title='bbox 802 2586 903 2657; x_wconf 90' lang='lat' dir='ltr'><strong>aliquid</strong></span> <span class='ocrx_word' id='word_1_186' title='bbox 917 2585 1061 2656; x_wconf 78' lang='lat' dir='ltr'><strong>exigatur,</strong></span> <span class='ocrx_word' id='word_1_187' title='bbox 1078 2584 1146 2654; x_wconf 84' lang='lat' dir='ltr'><strong>sive,</strong></span> <span class='ocrx_word' id='word_1_188' title='bbox 1164 2584 1197 2638; x_wconf 91' lang='lat' dir='ltr'><strong>ab</strong></span> <span class='ocrx_word' id='word_1_189' title='bbox 1214 2581 1268 2638; x_wconf 90' lang='lat' dir='ltr'><strong>illis</strong></span> <span class='ocrx_word' id='word_1_190' title='bbox 1283 2581 1329 2653; x_wconf 91' lang='lat' dir='ltr'><strong>qui</strong></span> <span class='ocrx_word' id='word_1_191' title='bbox 1344 2577 1413 2636; x_wconf 89' lang='lat' dir='ltr'><strong>locis</strong></span> <span class='ocrx_word' id='word_1_192' title='bbox 1428 2585 1455 2634; x_wconf 89' lang='lat' dir='ltr'><strong>et</strong></span> 
     </span>
     <span class='ocr_line' id='line_1_21' title="bbox 140 2662 1455 2741; baseline -0.008 -14"><span class='ocrx_word' id='word_1_193' title='bbox 140 2670 210 2727; x_wconf 86' lang='lat' dir='ltr'><strong>uicis</strong></span> <span class='ocrx_word' id='word_1_194' title='bbox 228 2676 365 2741; x_wconf 88' lang='lat' dir='ltr'><strong>praesunt.</strong></span> <span class='ocrx_word' id='word_1_195' title='bbox 389 2668 494 2728; x_wconf 85' lang='lat' dir='ltr'><strong>Concil.</strong></span> <span class='ocrx_word' id='word_1_196' title='bbox 510 2669 615 2725; x_wconf 88' lang='lat' dir='ltr'><strong>Tribur.</strong></span> <span class='ocrx_word' id='word_1_197' title='bbox 632 2688 657 2725; x_wconf 91' lang='lat' dir='ltr'><strong>c.</strong></span> <span class='ocrx_word' id='word_1_198' title='bbox 674 2673 708 2728; x_wconf 85' lang='lat'><strong>16</strong></span> <span class='ocrx_word' id='word_1_199' title='bbox 722 2669 921 2726; x_wconf 89' lang='lat' dir='ltr'><strong>abhorrendum</strong></span> <span class='ocrx_word' id='word_1_200' title='bbox 934 2676 962 2725; x_wconf 92' lang='lat' dir='ltr'><strong>et</strong></span> <span class='ocrx_word' id='word_1_201' title='bbox 970 2667 1130 2725; x_wconf 82' lang='lat' dir='ltr'><strong>Christianis</strong></span> <span class='ocrx_word' id='word_1_202' title='bbox 1145 2665 1268 2722; x_wconf 89' lang='lat' dir='ltr'><strong>omnibus</strong></span> <span class='ocrx_word' id='word_1_203' title='bbox 1283 2662 1455 2721; x_wconf 85' lang='lat' dir='ltr'><strong>devitandum</strong></span> 
     </span>
    </p>
   </div>
   <div class='ocr_carea' id='block_1_6' title="bbox 141 2748 1560 2826">
    <p class='ocr_par' dir='ltr' id='par_1_8' title="bbox 141 2748 1560 2826">
     <span class='ocr_line' id='line_1_22' title="bbox 141 2748 1560 2826; baseline -0.009 -16"><span class='ocrx_word' id='word_1_204' title='bbox 141 2770 245 2810; x_wconf 90' lang='lat' dir='ltr'><strong>murem</strong></span> <span class='ocrx_word' id='word_1_205' title='bbox 259 2753 380 2826; x_wconf 89' lang='lat' dir='ltr'><strong>appellat</strong></span> <span class='ocrx_word' id='word_1_206' title='bbox 393 2754 558 2826; x_wconf 88' lang='lat' dir='ltr'><strong>sepulturam</strong></span> <span class='ocrx_word' id='word_1_207' title='bbox 573 2755 687 2810; x_wconf 91' lang='lat' dir='ltr'><strong>mortuis</strong></span> <span class='ocrx_word' id='word_1_208' title='bbox 702 2755 821 2811; x_wconf 88' lang='lat' dir='ltr'><strong>debitam</strong></span> <span class='ocrx_word' id='word_1_209' title='bbox 838 2755 887 2810; x_wconf 89' lang='lat' dir='ltr'><strong>snb</strong></span> <span class='ocrx_word' id='word_1_210' title='bbox 904 2753 994 2826; x_wconf 89' lang='lat' dir='ltr'><strong>pretio</strong></span> <span class='ocrx_word' id='word_1_211' title='bbox 1012 2752 1132 2809; x_wconf 87' lang='lat' dir='ltr'><strong>uendere</strong></span> <span class='ocrx_word' id='word_1_212' title='bbox 1148 2759 1176 2806; x_wconf 92' lang='lat' dir='ltr'><strong>et</strong></span> <span class='ocrx_word' id='word_1_213' title='bbox 1185 2750 1301 2820; x_wconf 80' lang='lat' dir='ltr'><strong>gratiam</strong></span> <span class='ocrx_word' id='word_1_214' title='bbox 1311 2748 1360 2804; x_wconf 88' lang='lat' dir='ltr'><strong>Dei</strong></span> <span class='ocrx_word' id='word_1_215' title='bbox 1371 2763 1455 2802; x_wconf 87' lang='lat' dir='ltr'><strong>vena·</strong></span> <span class='ocrx_word' id='word_1_216' title='bbox 1554 2787 1560 2797; x_wconf 93' lang='lat'><strong>.</strong></span> 
     </span>
    </p>
   </div>
   <div class='ocr_carea' id='block_1_7' title="bbox 135 2830 1456 3750">
    <p class='ocr_par' dir='ltr' id='par_1_9' title="bbox 140 2830 1456 2995">
     <span class='ocr_line' id='line_1_23' title="bbox 140 2830 1456 2907; baseline -0.008 -12"><span class='ocrx_word' id='word_1_217' title='bbox 140 2839 194 2895; x_wconf 91' lang='lat' dir='ltr'><strong>lem</strong></span> <span class='ocrx_word' id='word_1_218' title='bbox 209 2839 310 2894; x_wconf 88' lang='lat' dir='ltr'><strong>iacere.</strong></span> <span class='ocrx_word' id='word_1_219' title='bbox 341 2839 446 2907; x_wconf 80' lang='lat' dir='ltr'><strong>Quare,</strong></span> <span class='ocrx_word' id='word_1_220' title='bbox 463 2837 705 2907; x_wconf 77' lang='lat' dir='ltr'><strong>ait,‘interdictum</strong></span> <span class='ocrx_word' id='word_1_221' title='bbox 720 2840 756 2896; x_wconf 88' lang='lat' dir='ltr'><strong>sit</strong></span> <span class='ocrx_word' id='word_1_222' title='bbox 773 2839 896 2894; x_wconf 86' lang='lat' dir='ltr'><strong>omnibus</strong></span> <span class='ocrx_word' id='word_1_223' title='bbox 912 2837 1072 2894; x_wconf 82' lang='lat' dir='ltr'><strong>Christianis</strong></span> <span class='ocrx_word' id='word_1_224' title='bbox 1090 2844 1192 2895; x_wconf 89' lang='lat' dir='ltr'><strong>terram</strong></span> <span class='ocrx_word' id='word_1_225' title='bbox 1207 2834 1320 2890; x_wconf 88' lang='lat' dir='ltr'><strong>mortuis</strong></span> <span class='ocrx_word' id='word_1_226' title='bbox 1335 2830 1456 2887; x_wconf 85' lang='lat' dir='ltr'><strong>vendere</strong></span> 
     </span>
     <span class='ocr_line' id='line_1_24' title="bbox 140 2915 1455 2995; baseline -0.002 -17"><span class='ocrx_word' id='word_1_227' title='bbox 140 2930 170 2980; x_wconf 90' lang='lat' dir='ltr'><strong>et</strong></span> <span class='ocrx_word' id='word_1_228' title='bbox 183 2923 301 2979; x_wconf 88' lang='lat' dir='ltr'><strong>debitam</strong></span> <span class='ocrx_word' id='word_1_229' title='bbox 314 2923 479 2995; x_wconf 87' lang='lat' dir='ltr'><strong>sepulturam</strong></span> <span class='ocrx_word' id='word_1_230' title='bbox 492 2921 641 2994; x_wconf 77' lang='lat' dir='ltr'><strong>denegare,</strong></span> <span class='ocrx_word' id='word_1_231' title='bbox 654 2924 705 2979; x_wconf 89' lang='lat' dir='ltr'><strong>nisi</strong></span> <span class='ocrx_word' id='word_1_232' title='bbox 722 2924 919 2995; x_wconf 86' lang='lat' dir='ltr'><strong>forteproximi</strong></span> <span class='ocrx_word' id='word_1_233' title='bbox 926 2931 953 2979; x_wconf 92' lang='lat' dir='ltr'><strong>et</strong></span> <span class='ocrx_word' id='word_1_234' title='bbox 961 2922 1039 2977; x_wconf 89' lang='lat' dir='ltr'><strong>amici</strong></span> <span class='ocrx_word' id='word_1_235' title='bbox 1047 2922 1134 2992; x_wconf 77' lang='lat' dir='ltr'><strong>gratis</strong></span> <span class='ocrx_word' id='word_1_236' title='bbox 1141 2915 1455 2990; x_wconf 89' lang='lat' dir='ltr'><strong>aliquiddonarevelint.</strong></span> 
     </span>
    </p>

    <p class='ocr_par' dir='ltr' id='par_1_10' title="bbox 140 3002 1456 3249">
     <span class='ocr_line' id='line_1_25' title="bbox 207 3002 1456 3083; baseline -0.008 -18"><span class='ocrx_word' id='word_1_237' title='bbox 207 3005 238 3083; x_wconf 90' lang='grc'><strong>1)</strong></span> <span class='ocrx_word' id='word_1_238' title='bbox 256 3007 411 3066; x_wconf 86' lang='lat' dir='ltr'><strong>Tertullian.</strong></span> <span class='ocrx_word' id='word_1_239' title='bbox 428 3006 549 3079; x_wconf 78' lang='lat' dir='ltr'><strong>Apolug.</strong></span> <span class='ocrx_word' id='word_1_240' title='bbox 564 3005 609 3068; x_wconf 80' lang='lat'><strong>39.</strong></span> <span class='ocrx_word' id='word_1_241' title='bbox 639 3003 779 3065; x_wconf 78' lang='lat' dir='ltr'><strong>llodioam&#39;</strong></span> <span class='ocrx_word' id='word_1_242' title='bbox 790 3009 973 3080; x_wconf 89' lang='lat' dir='ltr'><strong>unnsquisque</strong></span> <span class='ocrx_word' id='word_1_243' title='bbox 993 3007 1090 3078; x_wconf 86' lang='lat' dir='ltr'><strong>stipem</strong></span> <span class='ocrx_word' id='word_1_244' title='bbox 1104 3011 1241 3060; x_wconf 89' lang='lat' dir='ltr'><strong>menstrua</strong></span> <span class='ocrx_word' id='word_1_245' title='bbox 1257 3002 1301 3057; x_wconf 91' lang='lat' dir='ltr'><strong>die</strong></span> <span class='ocrx_word' id='word_1_246' title='bbox 1316 3003 1360 3058; x_wconf 90' lang='lat' dir='ltr'><strong>vel</strong></span> <span class='ocrx_word' id='word_1_247' title='bbox 1375 3014 1456 3071; x_wconf 90' lang='lat' dir='ltr'><strong>quum</strong></span> 
     </span>
     <span class='ocr_line' id='line_1_26' title="bbox 140 3088 1454 3164; baseline -0.005 -18"><span class='ocrx_word' id='word_1_248' title='bbox 140 3092 222 3160; x_wconf 81' lang='lat' dir='ltr'><strong>uelit,</strong></span> <span class='ocrx_word' id='word_1_249' title='bbox 237 3092 282 3146; x_wconf 84' lang='lat' dir='ltr'><strong>vel</strong></span> <span class='ocrx_word' id='word_1_250' title='bbox 297 3091 323 3146; x_wconf 90' lang='lat' dir='ltr'><strong>si</strong></span> <span class='ocrx_word' id='word_1_251' title='bbox 339 3091 421 3147; x_wconf 89' lang='lat' dir='ltr'><strong>modu</strong></span> <span class='ocrx_word' id='word_1_252' title='bbox 436 3091 504 3146; x_wconf 84' lang='lat' dir='ltr'><strong>velit</strong></span> <span class='ocrx_word' id='word_1_253' title='bbox 518 3099 546 3146; x_wconf 87' lang='lat' dir='ltr'><strong>et</strong></span> <span class='ocrx_word' id='word_1_254' title='bbox 560 3092 584 3147; x_wconf 90' lang='lat' dir='ltr'><strong>si</strong></span> <span class='ocrx_word' id='word_1_255' title='bbox 599 3093 680 3149; x_wconf 89' lang='lat' dir='ltr'><strong>modo</strong></span> <span class='ocrx_word' id='word_1_256' title='bbox 695 3092 800 3164; x_wconf 89' lang='lat' dir='ltr'><strong>possit,</strong></span> <span class='ocrx_word' id='word_1_257' title='bbox 816 3092 984 3164; x_wconf 85' lang='lat' dir='ltr'><strong>apponit-</strong></span> <span class='ocrx_word' id='word_1_258' title='bbox 997 3119 1040 3130; x_wconf 84' lang='lat'><strong>—-</strong></span> <span class='ocrx_word' id='word_1_259' title='bbox 1054 3089 1118 3146; x_wconf 90' lang='lat' dir='ltr'><strong>inde</strong></span> <span class='ocrx_word' id='word_1_260' title='bbox 1132 3104 1186 3145; x_wconf 94' lang='lat' dir='ltr'><strong>non</strong></span> <span class='ocrx_word' id='word_1_261' title='bbox 1202 3088 1290 3161; x_wconf 91' lang='lat' dir='ltr'><strong>epulis</strong></span> <span class='ocrx_word' id='word_1_262' title='bbox 1305 3102 1356 3142; x_wconf 93' lang='lat' dir='ltr'><strong>nec</strong></span> <span class='ocrx_word' id='word_1_263' title='bbox 1374 3091 1454 3155; x_wconf 90' lang='lat' dir='ltr'><strong>pota·</strong></span> 
     </span>
     <span class='ocr_line' id='line_1_27' title="bbox 142 3171 1320 3249; baseline -0.003 -20"><span class='ocrx_word' id='word_1_264' title='bbox 142 3175 217 3247; x_wconf 92' lang='lat' dir='ltr'><strong>culis,</strong></span> <span class='ocrx_word' id='word_1_265' title='bbox 234 3190 284 3229; x_wconf 90' lang='lat' dir='ltr'><strong>nec</strong></span> <span class='ocrx_word' id='word_1_266' title='bbox 299 3175 415 3244; x_wconf 80' lang='lat' dir='ltr'><strong>ingratis</strong></span> <span class='ocrx_word' id='word_1_267' title='bbox 429 3174 577 3232; x_wconf 84' lang='lat' dir='ltr'><strong>voratrinis</strong></span> <span class='ocrx_word' id='word_1_268' title='bbox 592 3176 775 3249; x_wconf 88' lang='lat' dir='ltr'><strong>dispensatur,</strong></span> <span class='ocrx_word' id='word_1_269' title='bbox 791 3175 840 3232; x_wconf 90' lang='lat' dir='ltr'><strong>sed</strong></span> <span class='ocrx_word' id='word_1_270' title='bbox 855 3176 952 3247; x_wconf 76' lang='lat' dir='ltr'><strong>egenis</strong></span> <span class='ocrx_word' id='word_1_271' title='bbox 970 3174 1076 3231; x_wconf 88' lang='lat' dir='ltr'><strong>alendis</strong></span> <span class='ocrx_word' id='word_1_272' title='bbox 1090 3171 1295 3243; x_wconf 87' lang='lat' dir='ltr'><strong>humandisque.</strong></span> <span class='ocrx_word' id='word_1_273' title='bbox 1313 3229 1320 3237; x_wconf 55' lang='grc'><em>,</em></span> 
     </span>
    </p>

    <p class='ocr_par' dir='ltr' id='par_1_11' title="bbox 135 3253 1455 3750">
     <span class='ocr_line' id='line_1_28' title="bbox 204 3253 1455 3333; baseline -0.004 -22"><span class='ocrx_word' id='word_1_274' title='bbox 204 3256 234 3333; x_wconf 85' lang='grc'><strong>2)</strong></span> <span class='ocrx_word' id='word_1_275' title='bbox 249 3259 366 3314; x_wconf 87' lang='lat' dir='ltr'><strong>iluiusee</strong></span> <span class='ocrx_word' id='word_1_276' title='bbox 382 3257 486 3321; x_wconf 83' lang='lat' dir='ltr'><strong>farinae</strong></span> <span class='ocrx_word' id='word_1_277' title='bbox 492 3266 646 3330; x_wconf 87' lang='lat' dir='ltr'><strong>praecepta</strong></span> <span class='ocrx_word' id='word_1_278' title='bbox 658 3274 849 3332; x_wconf 87' lang='lat' dir='ltr'><strong>quaeprorsus</strong></span> <span class='ocrx_word' id='word_1_279' title='bbox 855 3260 995 3330; x_wconf 76' lang='lat' dir='ltr'><strong>ignorauit</strong></span> <span class='ocrx_word' id='word_1_280' title='bbox 1003 3255 1331 3330; x_wconf 79' lang='lat' dir='ltr'><strong>antiquitasgravissimas</strong></span> <span class='ocrx_word' id='word_1_281' title='bbox 1344 3253 1379 3307; x_wconf 93' lang='lat' dir='ltr'><strong>oh</strong></span> <span class='ocrx_word' id='word_1_282' title='bbox 1390 3267 1455 3307; x_wconf 88' lang='lat' dir='ltr'><strong>cau-</strong></span> 
     </span>
     <span class='ocr_line' id='line_1_29' title="bbox 140 3335 1452 3414; baseline -0.008 -15"><span class='ocrx_word' id='word_1_283' title='bbox 140 3360 185 3400; x_wconf 88' lang='lat' dir='ltr'><strong>sas</strong></span> <span class='ocrx_word' id='word_1_284' title='bbox 206 3349 342 3398; x_wconf 90' lang='lat' dir='ltr'><strong>merentur</strong></span> <span class='ocrx_word' id='word_1_285' title='bbox 364 3341 620 3414; x_wconf 88' lang='lat' dir='ltr'><strong>reprehensionem.</strong></span> <span class='ocrx_word' id='word_1_286' title='bbox 651 3344 781 3401; x_wconf 88' lang='lat' dir='ltr'><strong>Binterim</strong></span> <span class='ocrx_word' id='word_1_287' title='bbox 794 3344 909 3399; x_wconf 86' lang='lat' dir='ltr'><strong>Denlrw.</strong></span> <span class='ocrx_word' id='word_1_288' title='bbox 925 3343 977 3412; x_wconf 87' lang='lat' dir='ltr'><strong>Vl,</strong></span> <span class='ocrx_word' id='word_1_289' title='bbox 999 3344 1027 3397; x_wconf 79' lang='lat'><strong>3.</strong></span> <span class='ocrx_word' id='word_1_290' title='bbox 1042 3342 1070 3413; x_wconf 89' lang='lat' dir='ltr'><strong>p.</strong></span> <span class='ocrx_word' id='word_1_291' title='bbox 1083 3341 1137 3395; x_wconf 77' lang='grc'><strong>423</strong></span> <span class='ocrx_word' id='word_1_292' title='bbox 1159 3340 1231 3410; x_wconf 83' lang='grc' dir='ltr'>,,Ι)ιι</span> <span class='ocrx_word' id='word_1_293' title='bbox 1246 3339 1343 3394; x_wconf 87' lang='lat' dir='ltr'><strong>heiche</strong></span> <span class='ocrx_word' id='word_1_294' title='bbox 1360 3335 1409 3391; x_wconf 92' lang='lat' dir='ltr'><strong>des</strong></span> <span class='ocrx_word' id='word_1_295' title='bbox 1424 3335 1452 3390; x_wconf 87' lang='lat' dir='ltr'><strong>h.</strong></span> 
     </span>
     <span class='ocr_line' id='line_1_30' title="bbox 141 3418 1455 3499; baseline -0.007 -16"><span class='ocrx_word' id='word_1_296' title='bbox 141 3428 222 3483; x_wconf 85' lang='lat' dir='ltr'><strong>Paula</strong></span> <span class='ocrx_word' id='word_1_297' title='bbox 236 3427 330 3483; x_wconf 86' lang='lat' dir='ltr'><strong>warde</strong></span> <span class='ocrx_word' id='word_1_298' title='bbox 346 3443 400 3482; x_wconf 87' lang='lat' dir='ltr'><strong>von</strong></span> <span class='ocrx_word' id='word_1_299' title='bbox 415 3426 558 3481; x_wconf 91' lang='lat' dir='ltr'><strong>mehreren</strong></span> <span class='ocrx_word' id='word_1_300' title='bbox 572 3427 717 3484; x_wconf 78' lang='lat' dir='ltr'><strong>Bischoien</strong></span> <span class='ocrx_word' id='word_1_301' title='bbox 732 3436 884 3499; x_wconf 65' lang='lat' dir='ltr'><strong>getragem</strong></span> <span class='ocrx_word' id='word_1_302' title='bbox 899 3426 1060 3482; x_wconf 75' lang='lat' dir='ltr'><strong>Ambrosius</strong></span> <span class='ocrx_word' id='word_1_303' title='bbox 1075 3433 1139 3493; x_wconf 76' lang='lat' dir='ltr'><strong>trug</strong></span> <span class='ocrx_word' id='word_1_304' title='bbox 1155 3425 1202 3478; x_wconf 91' lang='lat' dir='ltr'><strong>mit</strong></span> <span class='ocrx_word' id='word_1_305' title='bbox 1218 3424 1289 3478; x_wconf 88' lang='lat' dir='ltr'><strong>noch</strong></span> <span class='ocrx_word' id='word_1_306' title='bbox 1304 3421 1393 3477; x_wconf 89' lang='lat' dir='ltr'><strong>einem</strong></span> <span class='ocrx_word' id='word_1_307' title='bbox 1408 3418 1455 3475; x_wconf 89' lang='lat' dir='ltr'><strong>Bi-</strong></span> 
     </span>
     <span class='ocr_line' id='line_1_31' title="bbox 140 3503 1454 3581; baseline -0.005 -15"><span class='ocrx_word' id='word_1_308' title='bbox 140 3511 223 3579; x_wconf 87' lang='lat' dir='ltr'><strong>schol</strong></span> <span class='ocrx_word' id='word_1_309' title='bbox 236 3509 281 3565; x_wconf 92' lang='lat' dir='ltr'><strong>die</strong></span> <span class='ocrx_word' id='word_1_310' title='bbox 295 3510 392 3566; x_wconf 86' lang='lat' dir='ltr'><strong>heiehe</strong></span> <span class='ocrx_word' id='word_1_311' title='bbox 404 3509 497 3566; x_wconf 86' lang='lat' dir='ltr'><strong>seinos</strong></span> <span class='ocrx_word' id='word_1_312' title='bbox 509 3510 628 3576; x_wconf 83' lang='lat' dir='ltr'><strong>Bruders</strong></span> <span class='ocrx_word' id='word_1_313' title='bbox 644 3511 765 3581; x_wconf 81' lang='lat' dir='ltr'><strong>Satyrus,</strong></span> <span class='ocrx_word' id='word_1_314' title='bbox 780 3511 888 3581; x_wconf 84' lang='lat' dir='ltr'><strong>Gregor</strong></span> <span class='ocrx_word' id='word_1_315' title='bbox 903 3525 957 3566; x_wconf 90' lang='lat' dir='ltr'><strong>von</strong></span> <span class='ocrx_word' id='word_1_316' title='bbox 971 3509 1058 3578; x_wconf 80' lang='lat' dir='ltr'><strong>Nyssa</strong></span> <span class='ocrx_word' id='word_1_317' title='bbox 1073 3507 1118 3562; x_wconf 90' lang='lat' dir='ltr'><strong>die</strong></span> <span class='ocrx_word' id='word_1_318' title='bbox 1133 3503 1454 3563; x_wconf 82' lang='lat' dir='ltr'><strong>seinersehwesterlla·</strong></span> 
     </span>
     <span class='ocr_line' id='line_1_32' title="bbox 141 3587 1454 3666; baseline -0.005 -16"><span class='ocrx_word' id='word_1_319' title='bbox 141 3595 226 3650; x_wconf 93' lang='lat' dir='ltr'><strong>erina.</strong></span> <span class='ocrx_word' id='word_1_320' title='bbox 228 3595 247 3625; x_wconf 84' lang='lat'><strong>“</strong></span> <span class='ocrx_word' id='word_1_321' title='bbox 276 3593 356 3650; x_wconf 84' lang='lat' dir='ltr'><strong>Adde</strong></span> <span class='ocrx_word' id='word_1_322' title='bbox 371 3593 510 3650; x_wconf 84' lang='lat' dir='ltr'><strong>Sidonium</strong></span> <span class='ocrx_word' id='word_1_323' title='bbox 519 3592 587 3666; x_wconf 81' lang='lat' dir='ltr'><strong>llpp.</strong></span> <span class='ocrx_word' id='word_1_324' title='bbox 598 3595 626 3664; x_wconf 84' lang='grc'><strong>2,</strong></span> <span class='ocrx_word' id='word_1_325' title='bbox 638 3597 674 3651; x_wconf 73' lang='grc' dir='ltr'><strong>8τ</strong></span> <span class='ocrx_word' id='word_1_326' title='bbox 693 3594 825 3651; x_wconf 82' lang='lat' dir='ltr'><strong>Filimatia</strong></span> <span class='ocrx_word' id='word_1_327' title='bbox 845 3592 1026 3651; x_wconf 90' lang='lat' dir='ltr'><strong>sacerdotnm</strong></span> <span class='ocrx_word' id='word_1_328' title='bbox 1039 3590 1309 3665; x_wconf 87' lang='lat' dir='ltr'><strong>propinquorumque</strong></span> <span class='ocrx_word' id='word_1_329' title='bbox 1332 3587 1454 3644; x_wconf 89' lang='lat' dir='ltr'><strong>manibus</strong></span> 
     </span>
     <span class='ocr_line' id='line_1_33' title="bbox 135 3634 1454 3750; baseline -0.006 -16"><span class='ocrx_word' id='word_1_330' title='bbox 135 3685 264 3749; x_wconf 85' lang='lat' dir='ltr'><strong>excepta,</strong></span> <span class='ocrx_word' id='word_1_331' title='bbox 279 3677 418 3750; x_wconf 90' lang='lat' dir='ltr'><strong>perpetuis</strong></span> <span class='ocrx_word' id='word_1_332' title='bbox 431 3677 541 3733; x_wconf 88' lang='lat' dir='ltr'><strong>sedibus</strong></span> <span class='ocrx_word' id='word_1_333' title='bbox 555 3634 700 3734; x_wconf 74' lang='lat' dir='ltr'><strong>dormienti</strong></span> <span class='ocrx_word' id='word_1_334' title='bbox 715 3678 830 3735; x_wconf 91' lang='lat' dir='ltr'><strong>similior</strong></span> <span class='ocrx_word' id='word_1_335' title='bbox 844 3678 919 3734; x_wconf 88' lang='lat' dir='ltr'><strong>illata</strong></span> <span class='ocrx_word' id='word_1_336' title='bbox 937 3685 1040 3734; x_wconf 72' lang='grc' dir='ltr'>ιιι-</span> <span class='ocrx_word' id='word_1_337' title='bbox 1053 3673 1251 3748; x_wconf 86' lang='lat' dir='ltr'><strong>Nequehodie</strong></span> <span class='ocrx_word' id='word_1_338' title='bbox 1244 3671 1454 3733; x_wconf 87' lang='lat' dir='ltr'><strong>meoemeteriis</strong></span> 
     </span>
    </p>
   </div>
   <div class='ocr_carea' id='block_1_8' title="bbox 141 3757 1549 3851">
    <p class='ocr_par' dir='ltr' id='par_1_12' title="bbox 141 3757 1549 3851">
     <span class='ocr_line' id='line_1_34' title="bbox 141 3757 1549 3851; baseline -0.007 -32"><span class='ocrx_word' id='word_1_339' title='bbox 141 3763 303 3820; x_wconf 89' lang='lat' dir='ltr'><strong>observatur</strong></span> <span class='ocrx_word' id='word_1_340' title='bbox 324 3761 397 3833; x_wconf 90' lang='lat' dir='ltr'><strong>quod</strong></span> <span class='ocrx_word' id='word_1_341' title='bbox 417 3761 557 3833; x_wconf 89' lang='lat' dir='ltr'><strong>praeeedit</strong></span> <span class='ocrx_word' id='word_1_342' title='bbox 571 3762 606 3820; x_wconf 90' lang='lat' dir='ltr'><strong>ds</strong></span> <span class='ocrx_word' id='word_1_343' title='bbox 621 3761 819 3833; x_wconf 82' lang='lat' dir='ltr'><strong>distinguendis</strong></span> <span class='ocrx_word' id='word_1_344' title='bbox 834 3759 1006 3819; x_wconf 88' lang='lat' dir='ltr'><strong>sacerdotum</strong></span> <span class='ocrx_word' id='word_1_345' title='bbox 1023 3759 1208 3831; x_wconf 88' lang='lat' dir='ltr'><strong>laicorumque</strong></span> <span class='ocrx_word' id='word_1_346' title='bbox 1223 3757 1357 3831; x_wconf 89' lang='lat' dir='ltr'><strong>sepulcris</strong></span> <span class='ocrx_word' id='word_1_347' title='bbox 1372 3771 1453 3851; x_wconf 87' lang='lat' dir='ltr'><strong>prae-</strong></span> <span class='ocrx_word' id='word_1_348' title='bbox 1545 3823 1549 3832; x_wconf 16' lang='grc' dir='ltr'><strong>ν</strong></span> 
     </span>
    </p>
   </div>
   <div class='ocr_carea' id='block_1_9' title="bbox 92 3838 1454 4678">
    <p class='ocr_par' dir='ltr' id='par_1_13' title="bbox 138 3838 1454 4084">
     <span class='ocr_line' id='line_1_35' title="bbox 140 3838 1454 3920; baseline -0.006 -17"><span class='ocrx_word' id='word_1_349' title='bbox 140 3854 256 3920; x_wconf 86' lang='lat' dir='ltr'><strong>ceptum,</strong></span> <span class='ocrx_word' id='word_1_350' title='bbox 271 3862 429 3919; x_wconf 86' lang='lat' dir='ltr'><strong>perversum</strong></span> <span class='ocrx_word' id='word_1_351' title='bbox 444 3863 510 3903; x_wconf 93' lang='lat' dir='ltr'><strong>sane</strong></span> <span class='ocrx_word' id='word_1_352' title='bbox 522 3853 603 3918; x_wconf 87' lang='lat' dir='ltr'><strong>atque</strong></span> <span class='ocrx_word' id='word_1_353' title='bbox 618 3864 685 3904; x_wconf 82' lang='lat' dir='ltr'><strong>vere</strong></span> <span class='ocrx_word' id='word_1_354' title='bbox 699 3838 906 3906; x_wconf 87' lang='lat' dir='ltr'><strong>hierarchicum.</strong></span> <span class='ocrx_word' id='word_1_355' title='bbox 938 3845 1065 3918; x_wconf 84' lang='lat' dir='ltr'><strong>lluspiam</strong></span> <span class='ocrx_word' id='word_1_356' title='bbox 1079 3843 1190 3914; x_wconf 77' lang='lat' dir='ltr'><strong>dignior</strong></span> <span class='ocrx_word' id='word_1_357' title='bbox 1207 3843 1285 3899; x_wconf 91' lang='lat' dir='ltr'><strong>locus</strong></span> <span class='ocrx_word' id='word_1_358' title='bbox 1300 3840 1390 3914; x_wconf 86' lang='lat' dir='ltr'><strong>parari</strong></span> <span class='ocrx_word' id='word_1_359' title='bbox 1401 3853 1454 3909; x_wconf 92' lang='lat' dir='ltr'><strong>po-</strong></span> 
     </span>
     <span class='ocr_line' id='line_1_36' title="bbox 140 3920 1453 4005; baseline -0.008 -18"><span class='ocrx_word' id='word_1_360' title='bbox 140 3939 195 3989; x_wconf 89' lang='lat' dir='ltr'><strong>test</strong></span> <span class='ocrx_word' id='word_1_361' title='bbox 209 3930 313 4004; x_wconf 81' lang='lat' dir='ltr'><strong>pastori</strong></span> <span class='ocrx_word' id='word_1_362' title='bbox 328 3946 407 4002; x_wconf 89' lang='lat' dir='ltr'><strong>quam</strong></span> <span class='ocrx_word' id='word_1_363' title='bbox 420 3930 492 3986; x_wconf 92' lang='lat' dir='ltr'><strong>inter</strong></span> <span class='ocrx_word' id='word_1_364' title='bbox 505 3947 577 3988; x_wconf 85' lang='lat' dir='ltr'><strong>oues</strong></span> <span class='ocrx_word' id='word_1_365' title='bbox 588 3949 651 3989; x_wconf 89' lang='lat' dir='ltr'><strong>snas</strong></span> <span class='ocrx_word' id='word_1_366' title='bbox 665 3949 681 3988; x_wconf 94' lang='grc' dir='ltr'><strong>ι</strong></span> <span class='ocrx_word' id='word_1_367' title='bbox 695 3932 791 4005; x_wconf 91' lang='lat' dir='ltr'><strong>quibus</strong></span> <span class='ocrx_word' id='word_1_368' title='bbox 805 3927 894 4002; x_wconf 85' lang='lat' dir='ltr'><strong>n&#39;eqne</strong></span> <span class='ocrx_word' id='word_1_369' title='bbox 912 3920 986 3987; x_wconf 87' lang='lat' dir='ltr'><strong>murs</strong></span> <span class='ocrx_word' id='word_1_370' title='bbox 997 3928 1104 4002; x_wconf 86' lang='lat' dir='ltr'><strong>quidem</strong></span> <span class='ocrx_word' id='word_1_371' title='bbox 1118 3928 1203 4001; x_wconf 89' lang='lat' dir='ltr'><strong>ipsum</strong></span> <span class='ocrx_word' id='word_1_372' title='bbox 1216 3933 1453 4000; x_wconf 88' lang='lat' dir='ltr'><strong>potest&#39;separare</strong></span> 
     </span>
     <span class='ocr_line' id='line_1_37' title="bbox 138 4015 353 4084; baseline -0.014 -13"><span class='ocrx_word' id='word_1_373' title='bbox 138 4032 172 4072; x_wconf 90' lang='lat' dir='ltr'><strong>uo</strong></span> <span class='ocrx_word' id='word_1_374' title='bbox 185 4015 353 4084; x_wconf 80' lang='lat' dir='ltr'><strong>disiungere.</strong></span> 
     </span>
    </p>

    <p class='ocr_par' dir='ltr' id='par_1_14' title="bbox 140 4084 1452 4424">
     <span class='ocr_line' id='line_1_38' title="bbox 201 4084 1450 4175; baseline -0.01 -21"><span class='ocrx_word' id='word_1_375' title='bbox 201 4094 232 4175; x_wconf 81' lang='grc'><strong>8)</strong></span> <span class='ocrx_word' id='word_1_376' title='bbox 247 4099 328 4155; x_wconf 84' lang='lat' dir='ltr'><strong>Adeo</strong></span> <span class='ocrx_word' id='word_1_377' title='bbox 342 4099 462 4155; x_wconf 89' lang='lat' dir='ltr'><strong>eminens</strong></span> <span class='ocrx_word' id='word_1_378' title='bbox 477 4107 520 4156; x_wconf 88' lang='lat' dir='ltr'><strong>est</strong></span> <span class='ocrx_word' id='word_1_379' title='bbox 533 4099 653 4170; x_wconf 78' lang='lat' dir='ltr'><strong>digmtas</strong></span> <span class='ocrx_word' id='word_1_380' title='bbox 667 4099 857 4168; x_wconf 88' lang='lat' dir='ltr'><strong>sacerdotalis,</strong></span> <span class='ocrx_word' id='word_1_381' title='bbox 872 4105 901 4154; x_wconf 93' lang='lat' dir='ltr'><strong>ut</strong></span> <span class='ocrx_word' id='word_1_382' title='bbox 916 4114 1003 4170; x_wconf 90' lang='lat' dir='ltr'><strong>neque</strong></span> <span class='ocrx_word' id='word_1_383' title='bbox 1017 4103 1081 4169; x_wconf 92' lang='lat' dir='ltr'><strong>post</strong></span> <span class='ocrx_word' id='word_1_384' title='bbox 1096 4103 1210 4152; x_wconf 91' lang='lat' dir='ltr'><strong>mortem</strong></span> <span class='ocrx_word' id='word_1_385' title='bbox 1226 4084 1338 4149; x_wconf 81' lang='lat' dir='ltr'><strong>reticeri</strong></span> <span class='ocrx_word' id='word_1_386' title='bbox 1350 4088 1450 4160; x_wconf 88' lang='lat' dir='ltr'><strong>possit.</strong></span> 
     </span>
     <span class='ocr_line' id='line_1_39' title="bbox 140 4173 1452 4257; baseline -0.008 -16"><span class='ocrx_word' id='word_1_387' title='bbox 140 4185 213 4241; x_wconf 88' lang='lat' dir='ltr'><strong>llaec</strong></span> <span class='ocrx_word' id='word_1_388' title='bbox 225 4183 402 4240; x_wconf 86' lang='lat' dir='ltr'><strong>Baruiialdos.</strong></span> <span class='ocrx_word' id='word_1_389' title='bbox 432 4183 607 4257; x_wconf 80' lang='lat' dir='ltr'><strong>Quantopere</strong></span> <span class='ocrx_word' id='word_1_390' title='bbox 622 4183 686 4239; x_wconf 87' lang='lat' dir='ltr'><strong>mihi</strong></span> <span class='ocrx_word' id='word_1_391' title='bbox 700 4183 845 4255; x_wconf 86' lang='lat' dir='ltr'><strong>displiceat</strong></span> <span class='ocrx_word' id='word_1_392' title='bbox 859 4182 905 4239; x_wconf 94' lang='lat' dir='ltr'><strong>illa</strong></span> <span class='ocrx_word' id='word_1_393' title='bbox 920 4180 1097 4247; x_wconf 89' lang='lat' dir='ltr'><strong>consuetudo,</strong></span> <span class='ocrx_word' id='word_1_394' title='bbox 1114 4181 1198 4236; x_wconf 87' lang='lat' dir='ltr'><strong>verba</strong></span> <span class='ocrx_word' id='word_1_395' title='bbox 1213 4177 1342 4232; x_wconf 85' lang='lat' dir='ltr'><strong>deliciunt</strong></span> <span class='ocrx_word' id='word_1_396' title='bbox 1355 4173 1452 4244; x_wconf 89' lang='lat' dir='ltr'><strong>quihus</strong></span> 
     </span>
     <span class='ocr_line' id='line_1_40' title="bbox 140 4258 1452 4339; baseline -0.009 -15"><span class='ocrx_word' id='word_1_397' title='bbox 140 4269 297 4339; x_wconf 81' lang='lat' dir='ltr'><strong>exprimam.</strong></span> <span class='ocrx_word' id='word_1_398' title='bbox 318 4268 469 4325; x_wconf 75' lang='lat' dir='ltr'><strong>Adnotavit</strong></span> <span class='ocrx_word' id='word_1_399' title='bbox 482 4275 573 4324; x_wconf 85' lang='lat' dir='ltr'><strong>tannen</strong></span> <span class='ocrx_word' id='word_1_400' title='bbox 588 4268 725 4338; x_wconf 89' lang='lat' dir='ltr'><strong>llabillon,</strong></span> <span class='ocrx_word' id='word_1_401' title='bbox 743 4275 805 4323; x_wconf 86' lang='lat' dir='ltr'><strong>ante</strong></span> <span class='ocrx_word' id='word_1_402' title='bbox 821 4269 957 4324; x_wconf 90' lang='lat' dir='ltr'><strong>saeculum</strong></span> <span class='ocrx_word' id='word_1_403' title='bbox 974 4266 1104 4322; x_wconf 82' lang='lat' dir='ltr'><strong>decimum</strong></span> <span class='ocrx_word' id='word_1_404' title='bbox 1118 4271 1223 4319; x_wconf 85' lang='lat' dir='ltr'><strong>sextum</strong></span> <span class='ocrx_word' id='word_1_405' title='bbox 1237 4258 1410 4315; x_wconf 82' lang='lat' dir='ltr'><strong>ethicorum</strong></span> <span class='ocrx_word' id='word_1_406' title='bbox 1424 4263 1452 4313; x_wconf 93' lang='lat' dir='ltr'><strong>et</strong></span> 
     </span>
     <span class='ocr_line' id='line_1_41' title="bbox 141 4342 1395 4424; baseline -0.009 -18"><span class='ocrx_word' id='word_1_407' title='bbox 141 4352 304 4409; x_wconf 87' lang='lat' dir='ltr'><strong>elericorum</strong></span> <span class='ocrx_word' id='word_1_408' title='bbox 319 4347 453 4409; x_wconf 84' lang='lat' dir='ltr'><strong>cadavera</strong></span> <span class='ocrx_word' id='word_1_409' title='bbox 469 4352 563 4408; x_wconf 89' lang='lat' dir='ltr'><strong>eadem</strong></span> <span class='ocrx_word' id='word_1_410' title='bbox 578 4351 685 4408; x_wconf 87' lang='lat' dir='ltr'><strong>ratione</strong></span> <span class='ocrx_word' id='word_1_411' title='bbox 699 4359 762 4407; x_wconf 89' lang='lat' dir='ltr'><strong>ante</strong></span> <span class='ocrx_word' id='word_1_412' title='bbox 778 4352 865 4407; x_wconf 89' lang='lat' dir='ltr'><strong>altare</strong></span> <span class='ocrx_word' id='word_1_413' title='bbox 879 4351 1005 4424; x_wconf 88' lang='lat' dir='ltr'><strong>posuisse</strong></span> <span class='ocrx_word' id='word_1_414' title='bbox 1019 4351 1054 4406; x_wconf 88' lang='lat' dir='ltr'><strong>ci.</strong></span> <span class='ocrx_word' id='word_1_415' title='bbox 1072 4346 1201 4404; x_wconf 86' lang='lat' dir='ltr'><strong>Binterim</strong></span> <span class='ocrx_word' id='word_1_416' title='bbox 1215 4344 1235 4401; x_wconf 89' lang='lat' dir='ltr'><strong>l.</strong></span> <span class='ocrx_word' id='word_1_417' title='bbox 1251 4359 1275 4398; x_wconf 91' lang='lat' dir='ltr'><strong>e.</strong></span> <span class='ocrx_word' id='word_1_418' title='bbox 1291 4349 1319 4415; x_wconf 89' lang='lat' dir='ltr'><strong>p.</strong></span> <span class='ocrx_word' id='word_1_419' title='bbox 1333 4342 1395 4399; x_wconf 81' lang='grc'>432.</span> 
     </span>
    </p>

    <p class='ocr_par' dir='ltr' id='par_1_15' title="bbox 92 4432 1452 4678">
     <span class='ocr_line' id='line_1_42' title="bbox 92 4432 1451 4510; baseline -0.004 -19"><span class='ocrx_word' id='word_1_420' title='bbox 92 4484 96 4491; x_wconf 95' lang='grc'><em>.</em></span> <span class='ocrx_word' id='word_1_421' title='bbox 203 4432 233 4510; x_wconf 78' lang='lat'><strong>4)</strong></span> <span class='ocrx_word' id='word_1_422' title='bbox 248 4436 352 4497; x_wconf 78' lang='lat' dir='ltr'><strong>concil.</strong></span> <span class='ocrx_word' id='word_1_423' title='bbox 368 4432 477 4494; x_wconf 74' lang='lat' dir='ltr'><strong>transi.</strong></span> <span class='ocrx_word' id='word_1_424' title='bbox 493 4433 514 4491; x_wconf 79' lang='lat' dir='ltr'><strong>l.</strong></span> <span class='ocrx_word' id='word_1_425' title='bbox 533 4453 592 4495; x_wconf 87' lang='lat' dir='ltr'><strong>can.</strong></span> <span class='ocrx_word' id='word_1_426' title='bbox 607 4436 651 4491; x_wconf 77' lang='lat'><strong>34.</strong></span> <span class='ocrx_word' id='word_1_427' title='bbox 666 4465 709 4478; x_wconf 90' lang='lat'><em>-</em></span> <span class='ocrx_word' id='word_1_428' title='bbox 723 4467 765 4479; x_wconf 91' lang='lat'><em>-</em></span> <span class='ocrx_word' id='word_1_429' title='bbox 780 4436 825 4509; x_wconf 89' lang='lat' dir='ltr'><strong>qui</strong></span> <span class='ocrx_word' id='word_1_430' title='bbox 838 4442 884 4492; x_wconf 89' lang='lat' dir='ltr'><strong>aut</strong></span> <span class='ocrx_word' id='word_1_431' title='bbox 898 4452 948 4508; x_wconf 89' lang='lat' dir='ltr'><strong>per</strong></span> <span class='ocrx_word' id='word_1_432' title='bbox 961 4437 1062 4492; x_wconf 86' lang='lat' dir='ltr'><strong>ferrum</strong></span> <span class='ocrx_word' id='word_1_433' title='bbox 1075 4438 1121 4488; x_wconf 87' lang='lat' dir='ltr'><strong>aut</strong></span> <span class='ocrx_word' id='word_1_434' title='bbox 1134 4433 1267 4486; x_wconf 86' lang='lat' dir='ltr'><strong>venenum</strong></span> <span class='ocrx_word' id='word_1_435' title='bbox 1279 4433 1324 4483; x_wconf 91' lang='lat' dir='ltr'><strong>aut</strong></span> <span class='ocrx_word' id='word_1_436' title='bbox 1337 4439 1451 4497; x_wconf 86' lang='lat' dir='ltr'><strong>suspeu-</strong></span> 
     </span>
     <span class='ocr_line' id='line_1_43' title="bbox 141 4510 1452 4593; baseline -0.009 -18"><span class='ocrx_word' id='word_1_437' title='bbox 141 4510 214 4575; x_wconf 82' lang='lat' dir='ltr'><strong>dium</strong></span> <span class='ocrx_word' id='word_1_438' title='bbox 234 4526 280 4574; x_wconf 87' lang='lat' dir='ltr'><strong>ant</strong></span> <span class='ocrx_word' id='word_1_439' title='bbox 299 4522 421 4591; x_wconf 86' lang='lat' dir='ltr'><strong>quolibet</strong></span> <span class='ocrx_word' id='word_1_440' title='bbox 446 4521 528 4577; x_wconf 91' lang='lat' dir='ltr'><strong>modo</strong></span> <span class='ocrx_word' id='word_1_441' title='bbox 550 4520 696 4577; x_wconf 84' lang='lat' dir='ltr'><strong>violentam</strong></span> <span class='ocrx_word' id='word_1_442' title='bbox 717 4520 770 4577; x_wconf 88' lang='lat' dir='ltr'><strong>sihi</strong></span> <span class='ocrx_word' id='word_1_443' title='bbox 784 4521 852 4593; x_wconf 87' lang='lat' dir='ltr'><strong>ipsis</strong></span> <span class='ocrx_word' id='word_1_444' title='bbox 866 4520 985 4576; x_wconf 88' lang='lat' dir='ltr'><strong>inierunt</strong></span> <span class='ocrx_word' id='word_1_445' title='bbox 1000 4523 1115 4574; x_wconf 85' lang='lat' dir='ltr'><strong>mortem</strong></span> <span class='ocrx_word' id='word_1_446' title='bbox 1129 4514 1200 4570; x_wconf 92' lang='lat' dir='ltr'><strong>nulla</strong></span> <span class='ocrx_word' id='word_1_447' title='bbox 1215 4529 1267 4585; x_wconf 87' lang='lat' dir='ltr'><strong>pro</strong></span> <span class='ocrx_word' id='word_1_448' title='bbox 1282 4512 1316 4582; x_wconf 81' lang='lat' dir='ltr'><strong>iis</strong></span> <span class='ocrx_word' id='word_1_449' title='bbox 1330 4510 1357 4564; x_wconf 96' lang='lat' dir='ltr'><strong>in</strong></span> <span class='ocrx_word' id='word_1_450' title='bbox 1373 4510 1452 4589; x_wconf 90' lang='lat' dir='ltr'><strong>obla-</strong></span> 
     </span>
     <span class='ocr_line' id='line_1_44' title="bbox 140 4595 1449 4678; baseline -0.009 -18"><span class='ocrx_word' id='word_1_451' title='bbox 140 4603 217 4660; x_wconf 88' lang='lat' dir='ltr'><strong>tione</strong></span> <span class='ocrx_word' id='word_1_452' title='bbox 228 4605 450 4664; x_wconf 87' lang='lat' dir='ltr'><strong>commemoratio</strong></span> <span class='ocrx_word' id='word_1_453' title='bbox 460 4607 517 4674; x_wconf 86' lang='lat' dir='ltr'><strong>liat,</strong></span> <span class='ocrx_word' id='word_1_454' title='bbox 526 4621 681 4678; x_wconf 87' lang='lat' dir='ltr'><strong>usquecum</strong></span> <span class='ocrx_word' id='word_1_455' title='bbox 690 4605 801 4663; x_wconf 82' lang='lat' dir='ltr'><strong>Psalmis</strong></span> <span class='ocrx_word' id='word_1_456' title='bbox 810 4601 1120 4677; x_wconf 79' lang='lat' dir='ltr'><strong>adsepultunameorum</strong></span> <span class='ocrx_word' id='word_1_457' title='bbox 1130 4599 1264 4655; x_wconf 83' lang='lat' dir='ltr'><strong>cadavera</strong></span> <span class='ocrx_word' id='word_1_458' title='bbox 1273 4595 1449 4651; x_wconf 81' lang='lat' dir='ltr'><strong>deducantur.</strong></span> 
     </span>
    </p>
   </div>
   <div class='ocr_carea' id='block_1_10' title="bbox 0 0 1606 5176">
    <p class='ocr_par' dir='ltr' id='par_1_16' title="bbox 0 0 1606 5176">
     <span class='ocr_line' id='line_1_45' title="bbox 0 0 1606 5176; baseline 0 1"><span class='ocrx_word' id='word_1_459' title='bbox 0 0 1606 5176; x_wconf 95' lang='lat' dir='ltr'><strong> </strong></span> 
     </span>
    </p>
   </div>
  </div>
 </body>
</html>
