3202 5176
1041 178 1059 219 b

641 290 835 406 ,m

147 538 226 589 aeut,
247 596 249 605 Ι
265 518 331 584 lien
351 533 424 581 vero
439 515 553 587 electu
564 515 602 605 ad
616 525 729 596 partem
743 535 778 581 se
791 516 958 589 retrahitur
971 514 1146 595 genuflexus
1160 533 1225 579 cun
1239 517 1454 583 suisl’raelatis

147 622 317 688 domesticis
339 619 416 683 idem
436 619 516 685 iacit.
558 618 702 681 Similiter
720 628 750 693 et
764 618 906 700 Episcopi
925 621 1020 701 paratl
1037 620 1106 681 sice·
1116 619 1210 683 mitris
1223 629 1337 685 stantes
1348 607 1410 688 hini
1425 633 1455 690 et

98 784 102 789 .
145 723 441 802 binillonlessionem
455 722 565 787 dicunt.
596 721 1150 804 Finitacontessioneiletropolitauus
1164 715 1455 799 ascenditadAllaro

94 828 106 861 ·'
147 839 177 891 et
189 824 470 908 proceditindlissa
483 843 567 888 more
580 825 669 888 solito
684 844 776 906 usquc
789 825 825 889 ad
838 825 965 889 Alleluia
978 828 1043 889 sive
1057 823 1187 891 ultimum
1200 818 1318 890 versum
1333 826 1454 917 Tractus
1500 847 1510 860 ·

144 930 195 992 rel
205 930 384 1010 Sequentiae
397 928 561 1006 exclusive,
576 928 717 991 Praelatio
732 930 841 1010 paratis
854 930 935 991 iusta
949 947 1016 992 sues
1029 927 1116 991 sedes
1130 928 1276 991 stantibus
1287 929 1337 997 sel
1350 930 1455 1001 sedon

145 1033 241 1110 tibus,
263 1043 352 1113 prout
373 1039 488 1112 tempus
506 1031 641 1112 requirit.
678 1031 798 1094 Interim
812 1030 913 1094 schola
926 1031 1048 1116 inchoat
1057 1031 1208 1099 introitum
1223 1040 1254 1094 et
1266 1035 1456 1113 prosequitur

144 1136 174 1198 io
188 1135 294 1213 Missa,
315 1144 347 1209 ¹et
358 1133 426 1195 Rex
444 1152 461 1197 a
482 1135 544 1195 suis
566 1133 680 1197 ducitur
694 1135 724 1196 in
738 1135 907 1206 Sacristiam
920 1134 969 1197 vel
985 1134 1039 1197 sub
1054 1133 1204 1215 papilione
1218 1134 1253 1199 ad
1268 1134 1326 1201 luoo
1339 1139 1455 1214 parata

144 1239 194 1300 nbi
214 1239 293 1299 inter
314 1230 449 1317 scapulas
469 1246 501 1298 et
515 1234 664 1300 brachium
677 1238 825 1300 inunctum
840 1237 985 1315 bombyce
1000 1237 1076 1300 bene
1089 1236 1271 1314 abstergitur
1284 1246 1314 1299 et
1327 1220 1456 1317 induitut

144 1341 295 1420 regalibus
316 1339 492 1401 indumentis
511 1358 550 1401 ex
571 1358 656 1403 more
673 1342 769 1418 regni.
811 1340 930 1402 Paratus
946 1342 1052 1427 itaque
1071 1337 1137 1402 lica
1159 1347 1189 1400 et
1209 1348 1329 1402 ornatos
1350 1359 1455 1423 procs-
1556 1400 1558 1405 .
1588 1375 1590 1379 ·

145 1444 186 1506 dit
200 1462 264 1504 curn
278 1444 339 1504 suis
353 1441 506 1517 Praelatio,
521 1441 686 1503 Batonibus
699 1452 729 1502 et
744 1442 809 1507 aliis
823 1444 859 1506 ad
874 1446 1049 1505 eminentem
1057 1442 1094 1503 ‘et
1108 1450 1240 1505 ornatum
1255 1442 1417 1516 tluolannnn¹
1426 1446 1457 1509 'et

145 1547 186 1609 ibi
207 1563 297 1625 super
318 1544 416 1624 aliquo
438 1542 606 1605 faldistorio
631 1553 736 1608 ornato
756 1545 932 1623 genullexus
952 1544 1124 1609 incumbens
1145 1544 1225 1605 audit
1238 1542 1356 1607 Missam
1371 1564 1455 1626 quatu
1489 1532 1494 1542 ¹

144 1647 272 1710 Praelati
291 1648 337 1708 sui
355 1664 415 1707 non
429 1647 522 1726 parati
537 1647 775 1709 circumastantes
789 1649 876 1708 etiam
891 1647 1041 1726 genuflexi
1056 1645 1160 1723 legunt
1172 1664 1266 1725 usque
1278 1645 1315 1707 ad
1329 1646 1457 1711 Alleluia

144 1751 210 1813 sive
224 1749 355 1812 ultimum
372 1767 489 1811 versum
504 1748 626 1812 Tractus
636 1750 687 1839 ¹vel
702 1751 881 1831 sequentiae
896 1749 1061 1813 exclusive.
1088 1747 1180 1811 llissa
1193 1747 1299 1813 dicitur
1312 1747 1350 1815 de
1363 1748 1412 1811 die
1426 1757 1456 1811 et

145 1852 365 1917 remoratione
380 1851 438 1913 disi
452 1851 557 1913 dicitur
570 1871 624 1932 pro
639 1852 706 1933 ipso
719 1852 825 1920 alecto
840 1852 926 1929 Rege
941 1853 995 1914 snb
1009 1871 1066 1916 una
1081 1849 1292 1917 conclusione:
1422 1924 1426 1945 Ι

247 1943 461 2032 Quaesumus
482 1947 695 2040 omnipotens
713 1946 808 2020 Deus
828 1957 865 2023 ut
885 1944 1032 2020 famulus
1053 1954 1131 2019 tuus
1147 1941 1192 2017 N..
1226 1942 1455 2031 nexuosas,

145 2050 202 2145 qui
232 2057 290 2120 tua
320 2049 539 2121 miseratione
570 2050 721 2143 suscepit
752 2054 853 2142 regni
877 2047 1130 2141 gubernacula,
1164 2048 1326 2121 virtutum
1352 2047 1453 2121 etiam

145 2153 292 2224 omnium
313 2152 479 2246 pereipiat
504 2153 725 2240 incrementa,
749 2151 870 2246 quibus
891 2151 1054 2227 decenter
1076 2149 1217 2225 ornatus
1238 2158 1273 2223 ct
1294 2150 1455 2223 uitiorum

143 2264 295 2326 monstra
320 2252 475 2323 devitare
503 2263 537 2323 et
563 2252 606 2323 ud
632 2263 679 2343 te,
707 2256 764 2351 qui
788 2257 859 2344 vie,
885 2256 1015 2327 ueritas
1044 2255 1174 2327 eluite
1200 2272 1252 2340 es,
1279 2251 1454 2344 gloriosus

144 2355 259 2429 valeat
283 2356 476 2450 pervenire.
529 2355 597 2427 Per
619 2354 718 2426 Dom.
1384 2391 1388 2398 ·
1478 2434 1483 2441 ¹

247 2466 383 2529 Graduali
397 2475 512 2527 cantato
520 2464 765 2548 Metropolitanus
779 2466 865 2530 sedet
881 2476 950 2528 ante
963 2467 1055 2529 altare
1070 2482 1135 2529 euru
1149 2459 1232 2529 mitra
1246 2465 1276 2527 in
1285 2463 1452 2530 faldistorio

145 2580 175 2633 et
188 2570 253 2632 Rex
268 2589 284 2631 a
297 2570 358 2637 sois
373 2570 534 2648 associatus
550 2569 662 2633 medius
675 2571 753 2633 inter
766 2571 881 2651 priores
896 2569 1049 2633 ›Praelatos
1065 2577 1186 2650 paratos
1201 2567 1236 2629 ud
1250 2567 1453 2648 Metropolita-

144 2693 212 2735 num
227 2672 385 2749 reducitur,
401 2673 447 2735 cui
461 2672 538 2735 iacta
551 2674 719 2738 reverentia
732 2681 763 2736 ut
776 2673 858 2752 prius
872 2671 1045 2748 genulleetit
1059 2687 1156 2733 coram
1171 2689 1218 2733 eo.
1246 2669 1330 2733 iuno
1343 2668 1453 2731 Metro·

143 2776 292 2858 politanus
308 2775 415 2856 accipit
428 2774 567 2853 gladium,
583 2794 669 2855 quem
683 2793 757 2836 unus
769 2775 967 2837 ministrorum
984 2775 1040 2842 sibi
1055 2774 1185 2855 porrigit
1197 2773 1324 2835 desituri
1333 2770 1452 2837 etillunu
1577 2774 1586 2786 '

143 2881 330 2958 evaginatum
348 2878 434 2941 tradit
447 2880 477 2939 ia
490 2897 591 2941 manus
606 2881 687 2954 regie
701 2877 820 2941 dicens:
845 2866 978 2963 Accipe
1000 2868 1151 2960 gladium
1176 2867 1220 2938 do
1242 2867 1340 2939 altari
1362 2888 1453 2942 sum-

142 2981 213 3043 tum
237 2994 300 3065 per
323 2982 458 3047 nostras
485 2993 605 3048 manus
631 2973 711 3046 licet
736 2970 912 3062 indignas,
945 2973 1025 3043 vice
1051 2979 1165 3043 tamen
1190 2979 1224 3040 et
1247 2971 1452 3041 auctoritate

143 3081 337 3144 sanctorum
356 3074 605 3166 Apostolorum
627 3083 862 3160 consecratas,
884 3071 943 3147 tibi
966 3073 1132 3165 regaliter
1154 3093 1370 3159 eoncessum,
1389 3092 1452 3142 no-

143 3181 303 3265 straeque
323 3171 411 3243 hene
419 3172 450 3263 l
460 3173 615 3249 dictionis
634 3174 762 3262 cilicio,
781 3178 817 3249 in
839 3174 1073 3249 defensionem
1091 3185 1229 3249 sanctae
1245 3172 1312 3245 Dei
1329 3171 1452 3247 Eccle-

142 3277 215 3350 siae
236 3273 394 3345 divinitus
417 3273 620 3363 ordinatum,
639 3285 674 3347 et
692 3287 915 3362 memoresto
934 3277 1069 3353 eiusde
1088 3300 1154 3372 quo
1173 3277 1353 3352 Psalmista
1370 3297 1451 3373 pro·
1563 3284 1569 3293 '

141 3375 305 3474 phetavit,
327 3375 461 3449 dicens:
483 3376 681 3469 Accingere
700 3377 816 3470 gladio
837 3385 897 3449 tuo
919 3401 1023 3475 super
1043 3379 1155 3455 lemur
1177 3389 1270 3454 tuum
1286 3380 1452 3474 potentis·

141 3482 239 3569 sime,
266 3490 302 3550 ut
327 3481 362 3548 in
388 3477 455 3550 hoc
475 3500 538 3575 per
560 3478 707 3553 eundem
733 3482 802 3553 vim
829 3483 1007 3575 aequitatis
1034 3503 1214 3569 exerceas,
1241 3481 1366 3555 molem
1387 3483 1451 3552 ini-

141 3584 277 3676 quitatis
298 3591 458 3678 potenter
480 3581 636 3659 dmiruus
660 3591 866 3659 etsanctam
892 3583 959 3655 Dei
984 3583 1176 3658 Ecclesiam
1203 3587 1345 3681 eiusque
1368 3582 1450 3659 nde

139 3685 193 3757 tes
219 3705 479 3780 propugnasse
500 3676 677 3780 protegas⁹
698 3707 764 3757 nec
785 3690 894 3761 minus
920 3687 983 3760 suh
1011 3687 1079 3761 fide
1102 3686 1209 3765 falsos
1231 3711 1331 3782 quana
1355 3684 1451 3761 Chri·
1557 3752 1566 3770 ,

140 3789 240 3861 stiani
259 3784 404 3861 niominis
421 3785 546 3881 ¹‚hostes
565 3808 713 3867 execres
733 3811 775 3868 ao
795 3787 986 3885 dispergas,
1010 3789 1132 3864 viduas
1155 3799 1188 3862 et
1210 3791 1358 3886 pupillos
1380 3789 1450 3861 cle-

139 3899 273 3964 menter
293 3889 436 3962 adiuves
457 3912 498 3961 ae
518 3889 704 3986 ,delendam¹
719 3889 1078 3981 desolatorestaures,
1100 3902 1289 3969 restaurata
1309 3912 1450 3965 conser-

140 4015 222 4081 ves,
251 3991 428 4065 ulciscaris
457 3994 600 4081 iniusta,
634 3987 815 4065 confirmes
845 3992 934 4065 bene
962 3994 1142 4091 disposita,
1172 4005 1337 4090 quatenus
1363 3990 1450 4064 haee

140 4095 276 4187 agendo
306 4096 467 4168 virtutum
502 4095 670 4191 triumpho
698 4096 873 4188 gloriosus
895 4099 1110 4192 iustitiaeque
1136 4099 1248 4169 cultor
1272 4096 1449 4187 egregius

141 4219 218 4271 cum
240 4196 355 4268 mundi
376 4197 550 4273 salvatore
572 4201 647 4273 sine
668 4197 734 4287 line
754 4221 903 4291 regnare
921 4204 1094 4275 merearis.
1116 4192 1286 4284 'Quicum
1299 4196 1375 4275 Deo
1391 4217 1447 4270 eto.

241 4309 293 4373 llis
307 4308 455 4388 expeditis
469 4311 548 4373 ensis
560 4328 577 4389 a
591 4312 729 4373 ministris
744 4311 774 4373 iu
791 4313 927 4389 vaginam
940 4315 1093 4393 reponitur
1106 4320 1135 4373 et
1142 4308 1387 4389 Metropolitanus
1398 4329 1446 4372 ae-

140 4412 233 4488 cingit
249 4429 321 4472 ense
333 4411 447 4489 Regem
464 4412 578 4474 dicens:
600 4402 797 4496 Accingere
817 4405 931 4497 gladio
951 4417 1009 4481 tuo
1027 4426 1132 4501 super
1148 4402 1259 4475 lemur
1275 4413 1370 4477 tuum
1386 4424 1447 4499 po-

137 4506 338 4594 tentissime,
365 4515 399 4578 et
421 4505 557 4581 attende
579 4506 670 4601 quod
691 4505 808 4582 Sancti
829 4529 899 4582 non
920 4511 954 4583 in
975 4508 1092 4603 gladio
1111 4505 1174 4582 sed
1194 4529 1257 4601 per
1278 4505 1379 4580 fidem
1398 4509 1450 4579 vi-

140 4616 261 4709 cerunt
283 4629 399 4699 regna.
499 4687 504 4696 ‚

1184 4717 1251 4782 29*
