3202 5176
611 413 613 416 .
710 353 785 422 269

187 532 340 608 Oramus.
377 534 527 629 Respice
549 558 754 628 quaesumus
767 537 915 612 Domine
935 559 1039 631 super
1060 537 1124 610 hos
1142 537 1289 612 famulos
1307 549 1398 629 tuoe,
1467 590 1471 599 -

83 646 119 708 et
138 639 317 736 institutis
335 639 415 727 tuiS,
439 636 560 730 quibus
581 642 866 732 propagationem
893 639 1030 709 humani
1057 643 1195 730 generis
1222 642 1421 730 ordinasti,-

82 738 253 832 benignus
284 743 425 828 assiste,
454 751 491 810 ut
519 741 576 833 qui
601 749 636 809 te
663 751 811 841 auctore,
828 745 1031 832 iunguntur,
1056 751 1092 812 te
1119 743 1305 814 auxiliante
1327 766 1399 817 ser-

83 851 222 914 ventur.
261 843 329 913 Per
357 838 527 913 Christum
549 840 731 914 Dominum
753 854 915 917 nostrum.
955 843 1078 914 Amen.

185 953 246 1015 His·
258 954 435 1034 expletisrsi
459 953 679 1025 benedicendae
700 957 759 1015 sint
777 936 897 1035 nuptiae¹
916 955 1064 1035 parochus
1080 955 1198 1017 Missam
1213 974 1267 1035 pro
1286 973 1399 1035 sponso

83 1065 114 1117 et
129 1073 239 1137 sponsa
254 1066 284 1117 ut
300 1059 329 1116 in
343 1055 454 1116 llissali
467 1055 618 1133 Romano,
643 1056 795 1134 celebret,
816 1059 944 1118 servatis
959 1058 1094 1117 omnibus
1111 1077 1184 1137 quae
1200 1058 1240 1117 ibi
1254 1059 1399 1137 praescri·

81 1159 200 1220 buntur.
209 1146 239 1235 1)
283 1158 420 1220 Ceterum
441 1159 466 1217 si
487 1177 563 1237 qnae
583 1161 754 1238 provinciae
773 1160 838 1220 aliis
852 1159 928 1220 ultra
941 1160 1107 1240 praedictas
1120 1158 1315 1220 laudabilibus
1330 1177 1399 1220 con·

82 1261 287 1323 suetudinibus
310 1270 339 1321 et
354 1261 541 1322 caerimoniis
554 1262 584 1320 in
599 1238 780 1323 celebrando
794 1263 971 1322 matrimonii
985 1264 1176 1323 Sacramenta
1191 1269 1327 1338 utuntur,
1349 1278 1400 1321 eas

83 1364 190 1424 Sancta
203 1363 373 1423 Tridentino
388 1362 525 1439 Syncdos
541 1364 768 1442 optatretineri.
785 1395 823 1441 ·.·
843 1364 974 1424 Peractis
987 1365 1134 1440 omnibus,
1148 1363 1298 1425 Parccbus
1314 1380 1400 1423 manu

81 1482 134 1526 sua
157 1465 304 1526 describat
319 1467 347 1524 in
361 1465 440 1525 libro
455 1463 706 1525 matrimoniorum
721 1469 838 1527 nomi-na
854 1469 1013 1543 coniugum
1027 1477 1056 1527 et
1071 1470 1190 1527 testium
1206 1475 1235 1525 et
1249 1465 1305 1525 alia
1319 1465 1400 1524 iuxta

81 1567 235 1628 formulam
251 1568 478 1647 praescriptam:
492 1565 581 1646 idque
595 1567 666 1627 licet
681 1567 756 1628 alius
774 1569 916 1630 sacerdos
929 1568 980 1629 vel
995 1588 1010 1629 a
1025 1587 1059 1629 se
1072 1569 1121 1629 vel
1137 1568 1173 1629 ab
1187 1567 1335 1628 ordinario
1350 1566 1399 1627 de·

37 1691 42 1696 ·
81 1669 428 1749 legatusNatrimonium
447 1654 697 1742 celebraverit.²)
747 1740 748 1744 Ἰ

81 1821 290 1832 .-....----

142 1894 170 1974 1)
186 1898 375 1953 lntroitus.
411 1899 484 1954 lleus
500 1900 586 1956 lsrael
608 1904 738 1973 coniugat
750 1918 800 1957 vos
816 1909 844 1958 et
858 1901 917 1973 ipse
930 1901 966 1957 sit
980 1899 1137 1969 vobiscum,
1160 1900 1204 1971 qui
1220 1901 1344 1957 misertus
1360 1910 1402 1959 est

35 2034 38 2039 .
81 1985 188 2041 duobus
204 1983 291 2038 unicis
312 1990 340 2037 et
357 1999 425 2038 nunc
438 1984 552 2040 Domine
569 1987 612 2042 fac
630 2003 679 2043 eos
694 1987 800 2059 plenius
812 1986 977 2042 benedicere
988 1993 1025 2046 te.
1052 1984 1128 2039 beati
1140 2000 1234 2040 omnes
1252 1986 1297 2057 qui
1309 1987 1401 2042 timent

79 2069 236 2137 Dominum,
257 2067 301 2138 qui
321 2067 456 2124 ambulant
475 2069 502 2123 in
514 2068 567 2124 viis
583 2073 650 2129 eius.
674 2071 767 2126 Gloria
778 2071 860 2126 Patri.
883 2070 1054 2126 collecta.
1077 2068 1182 2124 Exaudi
1196 2085 1247 2125 nos
1258 2077 1287 2125 ut
1299 2087 1326 2142 p.
1338 2071 1399 2126 257.

71 2152 256 2226 ‘Epistola
279 2151 379 2224 pres.
394 2157 426 2224 5,
439 2155 572 2210 22-23,
596 2156 781 2212 Graduale.
806 2155 882 2212 Uxor
896 2161 941 2210 tua
952 2153 1098 2211 sicutvitis
1113 2153 1252 2210 abundans
1264 2155 1290 2211 in
1304 2155 1401 2212 lateri-

79 2241 131 2304 bus
148 2236 244 2293 domus
256 2244 328 2292 tuae.
353 2236 413 2292 Filii
433 2238 471 2293 tui
487 2239 558 2294 sicut
574 2242 700 2297 novellae
720 2241 853 2296 olivarum
870 2240 897 2295 in
915 2239 1030 2296 circuitu
1050 2255 1160 2295 mensae
1172 2246 1244 2294 tuae.
1270 2237 1322 2294 All.
1343 2238 1399 2300 All.

79 2323 166 2379 Nittat
184 2322 261 2377 vobis
279 2321 391 2375 Domine
406 2322 533 2377 auxilium
548 2323 582 2379 de
597 2327 697 2381 Sancto
710 2325 783 2380 etde
795 2325 860 2381 Sion
872 2331 978 2379 tueatur
993 2339 1053 2383 vos.
1082 2322 1136 2380 All.
1164 2322 1400 2394 Evangelium
1491 2331 1497 2337 ‘

79 2407 173 2464 Nattb.
190 2406 235 2474 19,
248 2403 336 2458 3-7.
373 2404 621 2465 Olfertorium.
652 2411 682 2465 ln
696 2417 724 2464 te
735 2409 844 2480 speravi
856 2408 982 2464 Domine:
998 2407 1068 2463 dixi:
1091 2408 1129 2462 'lu
1145 2424 1175 2463 es
1187 2409 1259 2462 Deus
1270 2424 1357 2478 meua,
1371 2407 1399 2464 in

56 2542 60 2546 .
79 2490 202 2547 manibus
213 2488 266 2544 tuis
278 2495 401 2558 tempora
413 2507 480 2551 mea.
513 2491 672 2549 Secreta.
691 2492 805 2563 suscipe
818 2509 977 2565 quaesumus
989 2498 1019 2546 ut
1031 2508 1059 2562 p.
1072 2491 1133 2546 257.
1158 2491 1238 2547 Dicto
1250 2492 1332 2547 Pater
1343 2493 1399 2548 No‡

79 2584 153 2645 ster,
169 2582 311 2644 antequam
322 2572 395 2628 dicat
406 2575 502 2630 Libera
515 2590 582 2646 nos,
600 2585 673 2633 stans
684 2577 711 2632 in
724 2592 808 2631 cornu
819 2576 959 2647 Epistolae
970 2592 1066 2633 versus
1078 2576 1212 2646 Sponsum
1227 2581 1255 2631 et
1265 2575 1400 2647 Sponsam

79 2668 142 2716 ante
164 2660 250 2714 altare
272 2657 449 2730 genuflexos,
472 2658 538 2715 dicit
554 2679 636 2734 super
657 2678 706 2718 eos
731 2668 876 2732 sequentes
899 2661 1053 2717 orationes:
1077 2659 1356 2732 PropitiareDomine
1370 2666 1400 2721 ut

79 2763 106 2816 p.
120 2742 181 2799 258.
208 2745 279 2798 Deus
301 2741 345 2813 qni
364 2751 499 2815 potestate
514 2751 543 2799 ut
553 2762 581 2818 p.
594 2746 654 2800 261.
679 2747 743 2802 Tum
758 2745 893 2801 Sacerdos
904 2761 1033 2802 reversus
1044 2743 1078 2800 ad
1094 2744 1210 2799 medium
1221 2742 1313 2800 altaris
1327 2744 1400 2799 dicat

79 2831 175 2886 libera
190 2843 240 2884 nos
252 2833 279 2882 et
294 2827 396 2897 reliqua
409 2845 485 2884 more
497 2829 581 2886 solito
593 2837 620 2886 et
631 2836 773 2903 postquam
784 2830 929 2901 sumpserit
941 2828 1110 2898 sanguinem,
1123 2828 1302 2883 communicet
1310 2830 1399 2901 Spon-

11 2919 15 2925 '
80 2931 127 2970 sos
146 2921 173 2968 et
183 2919 365 2985 prosequatur
378 2913 494 2970 blissam.
520 2914 726 2971 Communia.
750 2914 822 2970 Ecce
834 2915 874 2970 sic
886 2914 1062 2970 benedicetur
1074 2913 1160 2969 omnis
1172 2914 1253 2967 bomo
1266 2914 1311 2984 qui
1323 2914 1399 2970 timet

80 2998 220 3055 Dominum
241 3005 269 3052 et
292 2995 386 3054 videas
410 2999 481 3054 lilios
504 2999 620 3056 filiorum
646 3008 766 3054 tuorum:
792 3014 845 3071 pax
868 3015 950 3071 super
971 2999 1067 3054 lsrael.
1102 2998 1396 3054 Postcommunio.

78 3083 244 3150 Quaesumus
259 3082 431 3153 omnipotens
443 3085 532 3154 Dens,
544 3085 664 3144 instituta
677 3091 704 3139 ut
717 3100 743 3155 p.
756 3084 816 3138 258.
846 3084 942 3139 Dicto:
953 3082 1146 3139 benedicamus
1158 3082 1274 3138 Domino
1286 3082 1344 3136 vel:
1357 3083 1399 3139 lte

80 3169 161 3223 missa
173 3174 229 3236 est,
240 3167 376 3223 Sacerdos
388 3176 531 3239 antequam
545 3170 673 3241 populum
684 3168 845 3238 benedicat,
860 3185 1011 3224 conversus
1025 3168 1059 3223 ad
1072 3169 1206 3239 Sponsum
1222 3174 1250 3221 et
1264 3166 1399 3237 Sponsam

79 3253 166 3307 dicat:
188 3252 260 3307 oeus
270 3251 407 3307 Abrabam
423 3261 476 3312 etc.
491 3261 518 3308 ut
529 3271 556 3325 p.
572 3255 633 3312 toa.
663 3254 772 3309 Nloneat
783 3270 832 3309 eos
844 3253 981 3309 Sacerdos
993 3267 1119 3308 sermone
1133 3251 1227 3322 gravi,
1249 3257 1278 3305 ut
1292 3251 1344 3306 sibi
1354 3251 1397 3305 in-

79 3337 166 3393 vicem
183 3343 293 3392 servent
310 3336 389 3392 fidem
400 3356 406 3391 :
419 3337 564 3415 orationis
579 3345 720 3410 tempore,
739 3345 766 3393 et
782 3339 943 3409 praesertim
958 3336 1119 3393 ieiuniorum
1133 3343 1161 3390 et
1175 3336 1395 3404 sollemnitatum,
1463 3355 1470 3367 ·
1555 3333 1558 3341 '

79 3421 147 3478 casti
170 3427 308 3476 maneant:
330 3429 358 3476 et
373 3422 415 3477 vir
433 3412 641 3495 uxorem-atque
658 3439 727 3477 uxor
746 3422 831 3477 virum
844 3422 941 3492 diligat
952 3428 980 3476 et
991 3421 1018 3475 in
1033 3421 1131 3474 timore
1148 3419 1197 3474 Dei
1211 3427 1395 3491 permaneant.

78 3508 176 3562 Postea
189 3520 238 3560 eos
254 3513 384 3574 aspergat
397 3513 466 3576 aqua
481 3507 623 3562 benedicta
636 3514 663 3562 et
678 3506 751 3561 dicto
766 3507 876 3561 Placeat
891 3506 935 3560 die
951 3504 1169 3560 benedictionem
1181 3511 1209 3559 et
1221 3503 1298 3581 legat
1309 3511 1337 3559 ut
1349 3519 1396 3560 so·

77 3593 153 3645 litum
165 3595 208 3645 est
218 3588 412 3656 Evangelium:
424 3590 454 3645 ln
462 3591 601 3663 principio
612 3600 672 3646 erat
683 3593 794 3646 verbnm
810 3598 863 3646 etc.
961 3611 965 3615 ·
1021 3584 1025 3589 ⁵

139 3668 169 3746 2)
183 3673 264 3729 Anno
278 3701 320 3714 -
335 3672 380 3728 dle
391 3704 433 3727 -.-
449 3676 548 3730 mensis
562 3705 601 3717 -
617 3675 862 3739 denuntiationibus
877 3670 1035 3745 praemissis
1050 3671 1136 3727 tribus
1151 3671 1285 3728 continuis
1299 3672 1395 3729 diebus
1441 3701 1446 3708 ·

76 3758 183 3816 festivis
204 3772 317 3829 quorum
337 3759 422 3830 prima
439 3760 542 3815 die-
560 3760 679 3816 secunda
697 3759 741 3814 die
757 3757 895 3814 -tertia
913 3756 957 3812 die
979 3787 1015 3796 -
1037 3756 1108 3811 inter
1120 3756 1218 3812 missae
1230 3757 1395 3828 parochialis

22 3890 24 3894 .
76 3841 221 3914 sollennia,
233 3841 325 3896 habita
336 3851 378 3899 est
390 3844 519 3917 nulloque
530 3844 652 3917 legitimo
664 3843 855 3916 impedimento
869 3843 978 3897 detecto
991 3857 1045 3911 ego
1055 3841 1086 3897 N.
1104 3842 1205 3897 Nector
1215 3843 1293 3898 huius
1304 3843 1394 3897 eccle-

76 3928 134 3986 siae
149 3926 316 3984 Parcchialis
331 3927 361 3982 N.
381 3929 499 3986 civitatis
511 3930 542 3991 N.
562 3931 606 3986 vel
625 3931 679 3986 loci
694 3930 726 3990 N.
739 3928 820 3983 filium
831 3928 862 3983 N.
878 3925 1027 3982 Parochiae
1039 3925 1066 3982 S.
1078 3926 1110 3985 N.
1126 3933 1155 3981 et
1164 3926 1196 3985 N.
1209 3927 1290 3981 tiliam
1301 3925 1333 3986 N.
1346 3943 1394 3983 seu

76 4014 199 4070 relictam
220 4029 245 4083 q.
259 4011 289 4066 N.
312 4011 349 4089 (si
372 4014 450 4069 vidua
471 4015 567 4091 fuerit)
588 4015 666 4070 huius
684 4031 732 4071 scu
744 4012 892 4069 Parochiae
909 4012 936 4068 S.
950 4011 982 4070 N.
1002 4011 1029 4066 in
1044 4011 1161 4067 ecclesia
1173 4010 1203 4066 N.
1223 4010 1393 4079 interrogavi

77 4114 225 4170 eorumque
238 4104 330 4152 mutuo
343 4113 477 4156 consensu
491 4101 596 4171 habito,
612 4099 772 4156 sollenniter
783 4116 833 4170 per
845 4098 929 4153 verba
944 4071 979 4151 de
990 4097 1128 4171 praesenti
1143 4095 1313 4150 matrimonio
1326 4110 1392 4148 con·

75 4184 168 4254 iunxi,
186 4183 376 4256 praesentibus
388 4185 502 4240 testibus
514 4186 586 4241 notis
598 4185 629 4240 N.
645 4185 701 4240 filio
713 4183 744 4238 N.
758 4183 803 4255 qni
818 4183 920 4238 habitat
934 4183 960 4238 in
976 4182 1107 4237 Parochia
1119 4182 1147 4237 S.
1161 4180 1192 4237 N.
1204 4187 1231 4233 et
1243 4178 1274 4237 N.
1289 4177 1346 4233 lilio
1360 4178 1392 4233 N.

77 4276 130 4324 etc.
151 4275 178 4323 et
189 4268 219 4323 N.
234 4267 290 4323 lilio
303 4268 340 4338 N,
352 4276 404 4325 etc.
419 4277 516 4341 postea
528 4269 569 4326 eis
581 4287 615 4325 ex
626 4269 679 4326 ritu
693 4277 806 4324 sanctae
817 4268 909 4325 Natris
920 4267 1057 4323 ecclesiae
1069 4263 1107 4340 (si
1122 4272 1210 4319 tamen
1224 4261 1331 4334 nuptias
1342 4262 1392 4318 be-

75 4350 222 4429 nedixerit)
238 4352 265 4407 in
280 4354 378 4410 blissae
394 4354 579 4411 celebratione
593 4353 731 4414 benedixi.

630 4542 832 4558 Μ
