3202 5176
746 370 754 379 ν
814 333 888 402 228

477 569 537 641 De
562 566 854 639 Ordinatione
877 565 1214 639 Exorcistarum.

290 721 363 783 Post
382 720 555 795 lectionem
577 723 693 781 tertiam
715 728 858 781 vocantur
878 716 1055 778 Enorcistae
1074 736 1130 797 per
1148 714 1396 778 Archidiaconum
1424 734 1507 778 more

190 834 335 911 capereto
364 823 524 883 dicentem:
550 812 729 885 Accedant
751 814 808 906 qui
835 809 1013 881 ordinandi
1040 820 1118 883 sunt
1145 809 1188 879 ad
1214 807 1366 881 officium
1392 807 1507 880 Exor-

137 962 140 970 ·
190 922 361 993 cistarum.
399 923 436 985 Et
455 925 511 1004 ipsi
526 925 696 1002 singulatim
716 925 902 985 nominantur
921 939 976 1000 per
989 920 1157 998 Notarium,
1172 930 1204 982 ut
1219 937 1308 999 supra
1326 920 1505 983 dictumest.

189 1029 304 1106 Quibus
324 1045 424 1089 coram
440 1027 585 1088 Pontiiicc
608 1044 673 1087 cum
694 1024 825 1087 candelis
845 1025 875 1083 in
895 1021 1028 1082 manibus
1049 1021 1216 1100 genuflexis
1239 1021 1271 1083 P.
1292 1022 1432 1084 admonet
1452 1040 1505 1084 eos

189 1131 305 1194 dicens
1498 1124 1504 1142 ’

293 1220 497 1310 Ordinandi‚
525 1219 586 1292 lilii
614 1195 798 1306 carissimi,
832 1217 868 1287 in
897 1214 1046 1288 officium
1067 1214 1344 1306 horcistarum,
1375 1184 1505 1290 debetis

188 1346 349 1413 noscere,
372 1322 464 1417 quod
489 1324 670 1416 suscipitis
709 1320 927 1404 Exorcistam
950 1321 1075 1389 etenim
1094 1327 1231 1414 oportet
1253 1319 1403 1390 abiicere
1425 1318 1506 1390 dae-

189 1449 309 1519 mones
337 1436 371 1496 et
398 1425 515 1496 dicere
542 1424 685 1520 populo,
710 1434 761 1512 ιιι,
788 1424 942 1516 quinon
965 1423 1203 1509 communicat,
1226 1421 1284 1493 det
1308 1421 1444 1508 locum;
1470 1432 1504 1492 et

189 1551 312 1624 aquam
337 1530 372 1596 in
400 1528 586 1600 ministerio
619 1525 775 1597 fundere.
828 1523 995 1618 Accipitis
1018 1526 1133 1616 itaque
1160 1533 1367 1619 potestatem
1397 1525 1505 1619 impo-

188 1631 293 1702 nendi
322 1651 457 1700 manum
490 1650 595 1723 super
623 1648 875 1721 energumenos
905 1635 940 1697 et
968 1648 1031 1721 per
1063 1628 1316 1722 impositionem
1345 1647 1506 1706 manuum

187 1743 401 1823 vestrarum,
438 1733 547 1824 gratia
575 1726 726 1826 Spiritus
755 1727 873 1817 Sancti
904 1739 938 1800 et
970 1728 1088 1801 verbis
1118 1730 1305 1802 exorcismi
1331 1727 1504 1823 pelluntur·

186 1835 325 1930 spiritus
351 1833 513 1904 immundi
541 1855 561 1902 a
591 1832 794 1928 corporibus
819 1831 980 1905 obsessis.
1034 1829 1179 1903 Studete
1207 1833 1329 1922 igitur,
1356 1840 1394 1902 ut
1417 1832 1505 1903 sicut

186 1957 207 2007 a
225 1934 429 2030 corporibus
450 1936 596 2006 aliorum
614 1934 800 2006 daemones
819 1933 1005 2029 expellitis„
1024 1936 1071 2005 ita
1092 1955 1113 2002 a
1132 1931 1357 2022 mentibuset
1380 1952 1503 2026 corpo-

165 2035 281 2108 ribus
310 2039 435 2110 vestris
462 2058 597 2106 omnem
627 2036 871 2108 immunditiam
897 2044 932 2105 et
955 2036 1139 2129 nequitiam
1168 2035 1329 2107 eiiciatisz
1347 2056 1406 2104 ne
1433 2032 1502 2105 illis

187 2136 428 2226 succumbatis
456 2158 543 2232 quos
569 2137 611 2208 ab
638 2137 714 2211 aliis
736 2149 855 2211 vestro
875 2138 1064 2211 ministerio
1087 2137 1253 2229 effugatis
1281 2135 1417 2207 Discite
1438 2157 1501 2231 per

188 2237 338 2313 cilicium
359 2248 513 2312 vestrum
533 2241 625 2313 vitiis
647 2242 837 2335 imperare,
859 2260 903 2308 ne
923 2241 958 2308 in
980 2238 1132 2311 moribus
1155 2240 1281 2313 vestris
1298 2237 1426 2339 aliquid
1448 2238 1502 2310 sni

186 2343 269 2412 iuris
297 2343 451 2414 inimicus
482 2341 598 2413 valeat
620 2341 807 2414 vindicare
861 2340 958 2411 'lunc
985 2344 1111 2411 etenim
1137 2352 1234 2412 recte
1260 2343 1296 2411 in
1320 2334 1396 2416 aliis
1422 2337 1504 2409 dac-

188 2442 344 2514 monibus
370 2442 596 2538 imperabitis,
625 2466 703 2514 cum
728 2445 823 2539 prius
850 2445 885 2514 in
910 2442 1011 2516 vobis
1035 2465 1156 2513 eorum
1182 2441 1417 2514 multimodam
1443 2461 1503 2511 nc-

187 2545 326 2663 qpitiam
352 2548 531 2640 superatis.
586 2542 688 2628 Quod
711 2545 813 2620 vobis
838 2545 1005 2619 Dominus
1026 2566 1133 2637 agere
1155 2544 1324 2618 concedat
1339 2566 1406 2703 pcr
1427 2539 1502 2638 Spi-

186 2646 288 2719 ritum
310 2668 408 2719 suum
431 2644 593 2719 Sanctum
601 2643 642 2742 1)

288 2768 360 2837 Post
380 2777 497 2838 haecP.
513 2780 620 2857 accipit
642 2786 671 2837 et
693 2777 781 2838 tradit
802 2775 936 2837 omnibus
956 2773 1190 2856 librum‚1oquo
1204 2777 1309 2857 scripti
1323 2785 1392 2838 suot
1407 2774 1503 2837 Exor-

186 2856 289 2953 cismi,
316 2879 398 2937 cuius
423 2877 492 2939 loco
513 2879 588 2939 tradi
612 2887 713 2958 potest
733 2878 907 2939 Pontificale
932 2879 982 2939 vel
1007 2877 1145 2956 blissale,
1171 2897 1259 2959 quem
1285 2879 1375 2981 mann
1397 2879 1502 2940 dextra

187 2986 324 3056 tangunt,
338 2979 484 3040 Pontifice
498 2973 633 3059 dicente:
655 2969 813 3066 Accipite
832 2989 890 3049 etc.
909 2990 1022 3060 utpag.
1036 2976 1109 3041 210.

290 3078 399 3140 Postea
412 3098 498 3157 vero,
513 3062 648 3146 cmribds
662 3079 771 3142 devote
763 3081 966 3167 genuflexis,
989 3072 1075 3144 dicit:
1102 3071 1215 3142 Deum
1234 3071 1377 3205 Patrem
1393 3074 1500 3144 omni·

186 3181 362 3304 poleniam
384 3187 440 3242 etc.
432 3191 531 3264 utp.
545 3178 617 3243 210.
760 3180 762 3185 ’
1211 3206 1214 3211 ’
1340 3230 1344 3239 ,
1385 3208 1388 3213 ·

290 3282 373 3344 Tunc
387 3273 549 3346 conversas
564 3286 600 3346 ad
615 3284 707 3346 altare
721 3284 806 3346 dicit:
818 3274 989 3350 Oramus.
1031 3284 1068 3346 Et
1081 3284 1263 3363 subinnuat
1276 3263 1412 3345 ministri
1419 3275 1447 3345 F
1449 3275 1497 3345 le
1567 3305 1572 3316 ·

130 3367 137 3381 ’
179 3368 323 3463 cifimus
341 3398 464 3468 genua
509 3382 559 3469 &liz
587 3377 727 3449 Levaie.
765 3371 804 3448 Et
823 3405 892 3448 mox
916 3405 1079 3449 conversus
1098 3386 1141 3449 ad
1154 3387 1302 3450 ordinatos
1317 3386 1499 3464 genuflexos

186 3484 271 3548 dicit:
298 3478 445 3551 Domine
455 3488 585 3560 sancte
611 3481 715 3553 Pater
736 3497 793 3551 etc.
814 3479 894 3570 unp.
912 3485 987 3551 211.

186 3675 339 3775 ordinando
350 3727 576 3797 commemoratur
586 3700 731 3795 praeterea
742 3721 770 3780 in
780 3693 882 3799 Codice
891 3724 1001 3782 Thoaro
1013 3739 1086 3786 saec.
1095 3724 1141 3783 lll.
1150 3725 1178 3782 in
1186 3721 1499 3796 Pontificalillpamierisi

140 3856 151 3871 ,
186 3802 258 3876 apud
271 3803 428 3861 llartenium
439 3805 466 3861 io
483 3806 551 3867 cod.
566 3806 695 3873 dicmensi
704 3808 828 3882 aliisque.

249 3904 279 3982 l)
293 3908 407 3964 Brevior
422 3893 578 3967 exhortatio
596 3914 668 3986 apud
684 3913 825 3986 antiquos:
850 3892 1024 3971 Enorcistadr
1037 3919 1149 3988 oportet
1166 3911 1287 3969 abiicere
1307 3910 1454 3967 daemones
1469 3916 1498 3965 et

185 3990 279 4069 dicere
289 3994 464 4067 popolo‚.qni
476 4011 530 4050 non
540 3998 730 4069 communicat,
740 4005 769 4054 ut
784 3998 831 4054 det
842 3998 932 4055 locum
946 4005 974 4054 et
988 4015 1084 4071 aquam
1097 3997 1126 4053 ln
1142 3996 1294 4071 ministerio
1307 3991 1497 4065 ,debet'eiium

184 4075 260 4138 dere.
294 4077 409 4133 Clausen
421 4079 703 4157 llircbcnvcriaseung
724 4099 751 4140 u.
769 4082 856 4153 Lebrc
874 4084 923 4140 des
933 4082 1043 4142 ll‘athol.
1055 4092 1084 4139 u:
1094 4083 1170 4141 Prot.
1181 4082 1201 4138 l.
1221 4080 1326 4159 P·1⁰4,²
1339 4078 1496 4151 ,sternam

88 4153 93 4162 '
184 4160 261 4227 diese
277 4161 462 4233 Verricbtung
473 4165 515 4219 ale
532 4165 595 4220 eine
609 4165 693 4234 cigno
704 4181 758 4221 von
776 4166 828 4222 den
844 4167 960 4238 ubrigen
971 4167 1170 4236 abnusondern,
1184 4165 1239 4222 und
1256 4165 1328 4222 noch
1344 4164 1498 4233 scltsamer,

184 4238 352 4320 di'eieriigen,
365 4245 457 4302 dicim
471 4247 579 4304 Besitae
590 4249 667 4304 elner
681 4247 867 4321 Gnadengabe
882 4251 943 4310 sein
956 4253 1056 4324 sollen,
1068 4251 1174 4308 welche
1185 4249 1222 4305 im
1230 4243 1320 4305 n'eueo'
1331 4249 1403 4304 Test
1408 4252 1498 4303 unter

183 4327 229 4403 die
240 4332 460 4401 vorndglicbsten
469 4329 625 4402 gerechnet
639 4332 727 4403 wird‚
749 4341 828 4390 anter
843 4335 887 4392 die
901 4336 1062 4408 geringsten
1073 4334 1239 4392 Geistliohen
1253 4351 1286 4390 au
1300 4332 1429 4389 niblem“
1460 4329 1499 4386 At

181 4428 251 4493 nero
262 4420 340 4470 vetus
356 4415 474 4472 ecclesia
489 4415 640 4512 principem
650 4418 834 4490 tenebrarum,
848 4421 894 4492 qui
911 4420 1000 4477 crucis
1012 4421 1121 4495 signum
1138 4419 1178 4475 uti
1191 4418 1267 4476 emis
1279 4418 1405 4474 baculum
1418 4413 1498 4470 time-
1574 4463 1578 4472 .

182 4496 238 4568 bat,
249 4514 305 4555 non
315 4489 383 4559 tanti
395 4500 524 4578 iaciebat,
536 4501 581 4556 ut'
573 4517 602 4557 m
612 4500 674 4572 ipso
687 4501 851 4575 depellendo
862 4505 952 4562 multis
960 4505 1121 4576 ambagibus
1133 4503 1172 4559 uti
1182 4502 1290 4577 duperit
1300 4497 1496 4569 ueoessmium.

134 4671 138 4677 ³
182 4580 261 4648 Quod
273 4599 341 4642 vero
357 4583 392 4642 ad
406 4601 513 4651 sacram
525 4584 696 4660 scrrpturam,
701 4587 800 4661 magni
813 4579 944 4664 ponderis
956 4597 999 4649 cst
1009 4591 1088 4647 locos
1097 4585 1237 4658 dcccx
1249 4589 1292 4645 20
1312 4581 1496 4660 superiorum
