3210 5168
770 333 841 403 149
948 314 955 349 ³

144 521 398 601 Ilotbomogensia
423 541 461 585 ex
483 533 599 585 vetusto
620 523 734 587 blissali
757 525 949 587 describitur:
983 526 1020 587 Ut
1044 535 1112 587 ante
1133 524 1372 589 Communionem
1392 549 1456 590 eom

142 626 228 687 suari
255 627 340 687 vocis
359 626 559 689 modulatione
579 628 726 691 Sacerdos
751 637 993 708 tenens.oorpus
1025 629 1140 689 Domini
1175 638 1290 690 cantet:
1321 628 1385 691 IIoc
1411 638 1458 691 eat

141 721 280 805 caper,
296 727 378 806 queat
386 716 445 813 pro
463 728 549 789 oobis
561 729 708 808 tradetur,
721 731 828 792 chorus
843 731 901 791 lroo
915 731 992 791 idem
1006 738 1122 810 repetat
1136 739 1165 790 et
1179 732 1294 792 interim
1309 733 1455 796 Sacerdos

145 847 255 910 eorpus
270 830 387 900 Domini
400 840 508 893 sumat:
530 850 587 911 quo
606 842 701 894 sumto
718 842 815 903 cantet
830 833 974 894 elevando
989 833 1133 894 modicum
1149 833 1270 893 calicem
1284 835 1356 896 illud
1377 821 1464 915 quod

145 933 294 1012 sequitur:
314 929 372 993 llic
384 932 467 993 calio>
478 935 549 994 novi
560 936 731 995 testamenti
746 941 793 994 est
805 936 835 995 in
847 952 912 994 meo
925 935 1071 1015 aonpuine
1085 933 1310 997 dicitllomiaus
1318 959 1331 1005 ,·
1348 937 1455 998 chorus

144 1033 221 1096 idem
236 1034 310 1095 illud
325 1044 441 1115 repetat
453 1037 645 1117 producendo
659 1038 695 1099 ad
709 1039 807 1116 finem,
826 1046 856 1100 et
870 1039 1015 1098 Sacerdos
1031 1039 1146 1098 interIm
1161 1046 1254 1098 sumat
1272 1041 1454 1115 sanguinem.
1522 1048 1527 1056 “

145 1136 174 1197 ln
193 1137 398 1215 antIquissimo
416 1138 629 1219 dntIphonario
650 1141 852 1201 Beuehoreusi
873 1139 964 1200 babes
986 1139 1139 1217 hymnum,
1161 1140 1275 1219 quaudo
1297 1143 1455 1201 eommuni-

144 1247 212 1299 eaot
227 1239 430 1302 Sacerdotes:
455 1238 560 1302 Sancti
578 1241 690 1318 venite,
716 1241 828 1302 Christi
848 1258 960 1320 eorpus
980 1242 1088 1301 sumite
1109 1238 1264 1317 (Thesaur.
1284 1242 1417 1319 llpmnol.
1430 1243 1454 1305 l.

145 1359 171 1420 p.
188 1335 276 1415 193).
299 1341 336 1401 Et
350 1343 426 1421 apud
443 1338 587 1404 Cauisiom
600 1363 705 1405 versus
719 1345 865 1406 habentor
878 1344 1011 1424 Ratperti
1025 1345 1060 1405 ad
1077 1345 1361 1405 communicandum:
1373 1341 1454 1404 Lou-

142 1439 196 1502 dea
210 1442 397 1521 omnipotens
410 1450 465 1505 etc.
480 1443 582 1523 (Thes.
599 1445 735 1523 Hymnol.
749 1446 798 1508 Ill.
813 1449 842 1507 iu
858 1442 1111 1533 Paralipomcnis).

246 1578 406 1641 XXXVIII.
423 1581 580 1642 Orationes
596 1580 920 1661 postcommunionem
935 1584 1197 1643 secretaevariant
1213 1600 1267 1662 pro
1284 1582 1455 1646 diuersitate

144 1690 324 1761 temporum:
348 1682 397 1743 illa
413 1684 514 1757 Quae
535 1701 603 1744 ore
625 1674 850 1763 sumpsimus
873 1675 1002 1743 occurrit
1015 1685 1070 1742 iam
1084 1684 1113 1742 in
1127 1682 1215 1742 llissa
1228 1682 1348 1760 Illyrici.
1372 1683 1456 1743 Nune

143 1783 220 1843 id‘e'm
236 1783 315 1845 valet
329 1785 424 1864 quoad
438 1788 530 1863 selam
547 1777 656 1872 uquue
675 1804 753 1848 usus.
788 1784 931 1844 SImiliter
944 1783 1016 1843 nihiI
1036 1785 1065 1842 in
1080 1784 1287 1860 antIquissimis
1302 1783 1455 1847 o'rdInibus

121 1887 322 1966 ,praecipitur
337 1886 373 1947 de
391 1887 540 1948 ablutIone
550 1888 732 1964 Sacerdotis,
743 1886 914 1967 quamquam
928 1887 1086 1966 antIquitue
1103 1903 1288 1965 summopere
1304 1874 1454 1961 curabant,

143 2006 181 2049 ue
195 2004 272 2068 qnae
289 1989 431 2068 reliquiae
445 1993 619 2051 sacramenti
634 1998 751 2070 peraeta
768 1991 880 2066 Synaxi
895 1998 1091 2049 remanerent.
1122 1987 1197 2048 olim
1212 2006 1297 2067 aqua,
1313 2006 1368 2066 qua
1386 2005 1456 2048 vasa

137 2078 227 2165 ‚saera
241 2090 447 2169 abluebantur,
461 2091 665 2152 effundebatur
679 2095 708 2152 io
720 2093 899 2153 sacrarium:
913 2098 1017 2171 postea
1030 2109 1095 2150 mos
1110 2089 1243 2163 iuvaluit,
1259 2107 1345 2169 quem
1358 2089 1455 2151 malim

143 2193 243 2253 dioe're
258 2196 493 2272 superstitiosam
509 2213 594 2274 quam
607 2194 782 2255 laudabilem
799 2192 1052 2254 cousuetudinem.
1085 2190 1266 2252 'tradebatur
1279 2190 1390 2253 ablutio
1406 2190 1455 2252 rel

141 2294 254 2356 bomini
274 2295 368 2355 bonae
385 2304 415 2354 et
430 2296 573 2361 honestae
594 2299 672 2357 vitae
686 2299 716 2355 in
731 2296 858 2356 eeclesia
874 2298 1040 2374 praesenti:
1062 2295 1110 2355 vel
1128 2293 1296 2355 mittebatur
1309 2295 1454 2369 aegrotis,

138 2397 191 2456 uel
222 2395 431 2456 Inlundebatur
455 2396 626 2457 infantibus.
675 2397 800 2457 Narrant
827 2399 990 2476 scriptores
1017 2397 1047 2455 S.
1069 2395 1227 2455 llenrieum
1248 2397 1454 2476 imperatorem

139 2498 263 2559 solitum
279 2515 346 2556 esse
365 2498 496 2576 quotidie
514 2499 544 2556 iu
563 2499 650 2556 missa
663 2497 842 2557 ablutionem
856 2515 971 2557 sumere
983 2520 991 2565 ;
1004 2505 1101 2556 narrat
1120 2496 1279 2556 Gerbertus
1292 2488 1345 2556 sua
1359 2506 1454 2556 aetate

140 2597 251 2659 aileubi
272 2600 362 2658 moris
387 2612 474 2675 esse,
504 2599 656 2658 infantium
678 2599 722 2659 ori
751 2598 880 2676 guttulas
909 2597 1057 2678 quasdam,
1078 2596 1236 2675 ablotiouls
1263 2597 1454 2675 sacerdotalis

142 2699 300 2761 iulundere
320 2697 461 2761 dicendo:
481 2699 561 2761 Haec
576 2700 685 2762 ablutio
701 2700 802 2761 calicis
817 2700 856 2760 sit
876 2697 1077 2760 tibi'salutarls
1096 2706 1126 2757 et
1145 2696 1283 2758 advitam
1306 2707 1453 2758 aeternam

142 2789 364 2882 capessendam.
392 2803 495 2863 Amen.
535 2802 644 2863 Dubito
666 2822 702 2863 an
724 2802 811 2864 bodie
835 2803 900 2883 quis
921 2801 973 2861 bas
992 2801 1117 2882 Ineptias
1140 2808 1237 2861 curet:
1261 2801 1370 2882 obtqua
1389 2802 1454 2881 ipse

142 2904 287 2966 Sacerdos
302 2905 375 2966 bibit
391 2906 581 2968 ablutionem.
1282 2924 1286 2929 ·

243 3007 322 3068 Nihil
334 3007 490 3069 admodum
505 3007 619 3085 babeo,
642 3007 719 3087 quod
740 3006 888 3087 proferam
909 3005 946 3067 de
960 3005 1238 3067 Posteommuuione
1256 3007 1305 3067 vel
1325 3005 1362 3067 de
1381 3007 1452 3067 Ora·
1532 3005 1535 3009 ’

142 3111 225 3173 tione
237 3129 327 3190 super
336 3111 488 3190 populum,
497 3129 574 3170 nuuc
586 3111 661 3169 intra
673 3109 932 3186 QuadragesImam
943 3109 1059 3183 usitata,
1074 3107 1142 3168 olim
1151 3117 1182 3168 ut
1190 3106 1307 3168 videtur
1318 3108 1453 3169 omnibus

141 3210 239 3274 Illesis
253 3211 376 3274 adnexa.
400 3206 720 3273 Adeas'Binterintietm
733 3211 753 3271 l.
766 3230 793 3271 e.
806 3230 835 3291 p.
847 3205 907 3270 521
922 3230 968 3290 sq.
996 3210 1100 3289 Neque
1119 3211 1281 3271 accuratius
1295 3219 1452 3271 tractemus

142 3322 305 3377 tortuosam
327 3317 548 3395 quaestionem,
570 3333 644 3394 quae
665 3315 795 3393 pertinet
815 3314 851 3374 ad
876 3313 1074 3373 dimissionem
1099 3311 1148 3371 vel
1171 3305 1319 3372 ἀπόλυσιν
1339 3313 1451 3392 populi
1500 3351 1504 3356 -

141 3416 288 3496 Antiquos
304 3418 380 3476 enlm
395 3419 424 3476 iu
439 3416 588 3477 nonnullis
602 3418 708 3492 missis,
725 3434 800 3495 quae
812 3403 901 3477 hodie
916 3415 971 3475 sibi
995 3411 1145 3495 postulant
1164 3412 1221 3473 Ite
1241 3414 1353 3472 missa
1376 3423 1451 3488 est,

140 3518 312 3581 adhibuisse
338 3517 615 3577 Benedieamus
642 3517 800 3577 Domino
829 3517 1013 3596 exploratum
1036 3511 1148 3572 babens
1172 3530 1198 3573 e.
1214 3531 1245 3589 g.
1259 3515 1289 3572 iu
1309 3513 1401 3594 prima
1422 3523 1453 3572 et

139 3618 271 3683 secunda
286 3616 373 3678 llissa
389 3621 419 3678 in
433 3617 593 3680 Nativitate
609 3616 739 3677 DomIni.
773 3618 805 3678 ld
828 3636 915 3678 unum
935 3600 995 3678 uon
1019 3614 1276 3693 praetermittImus
1296 3633 1393 3695 neque
1414 3615 1449 3676 ab

139 3722 197 3785 bae
209 3720 335 3783 formula
349 3720 578 3799 interpolatores
593 3737 692 3779 manus
708 3718 895 3778 abstinuisse.
909 3717 996 3794 Legit
1006 3713 1169 3776 Gerbertoa
1183 3708 1286 3797 tropos
1300 3719 1330 3777 in
1349 3719 1450 3798 codiee

141 3823 345 3911 Sanjdallensi
365 3833 453 3904 atque
471 3824 501 3883 in
520 3821 686 3883 membrana
700 3819 963 3882 San-Emeranensi
977 3817 1087 3880 saeculi
1103 3820 1182 3880 noni,
1212 3819 1306 3881 Unum
1320 3821 1450 3882 addimus

139 3927 324 4008 exemplum:
680 4004 687 4013 ἢ
1079 3934 1086 3945 ·

472 4030 480 4045 ’
511 4027 582 4088 lte!

346 4139 390 4217 Sit
404 4157 452 4192 rex
467 4139 592 4223 eoelestis
603 4138 702 4192 vestris
713 4135 848 4209 propitius
863 4137 950 4198 armis.
984 4137 1076 4192 Arnen.

350 4225 479 4278 Omnibus
490 4230 571 4295 atque
587 4223 660 4278 horis
669 4240 720 4276 vos
730 4224 830 4276 muniat
845 4239 877 4278 ex
891 4223 1013 4278 inimicis.
1046 4222 1138 4277 Amen.

347 4310 444 4364 Salvos
455 4326 560 4386 rosque
574 4316 653 4395 regat
667 4325 715 4362 aua
729 4315 870 4380 qoooaque'
879 4308 1002 4381 potentia
1016 4316 1122 4377 regnat.
1156 4308 1248 4361 Amen.

509 4417 565 4478 lte
591 4417 685 4478 Deo!

202 4514 213 4531 ⁶
276 4584 284 4595 ,
344 4528 422 4582 Nune
433 4527 473 4582 illi
488 4528 582 4598 dignas
596 4528 773 4584 simulcmnes
789 4529 899 4609 pangite
914 4528 1006 4583 laude's
1024 4528 1128 4581 missa
1149 4529 1201 4576 est

345 4614 402 4666 Deo
416 4613 487 4668 salas
500 4627 608 4688 semper(
617 4615 675 4668 teus
686 4623 714 4671 et
726 4615 815 4687 gloria
829 4621 928 4694 carucata¹
940 4632 989 4684 per
998 4611 1114 4666 saecula.
1147 4609 1238 4669 Amen,
1263 4690 1267 4699 Ι
