3202 5176
844 273 893 341 10

210 466 336 529 Videtur
353 467 423 530 olim
436 466 531 528 inlese
546 466 692 528 ecclesiae
706 463 864 544 Sagr'ensis
875 469 906 528 tn
917 464 1096 530 ilormannia
1116 471 1170 531 sub
1187 472 1346 553 metropoli
1368 472 1531 533 Rothoma·

233 572 309 633 ensi.
360 570 426 634 Til..

211 590 233 652 g
312 572 391 735 udi.
414 566 517 735 (dodex
529 668 662 748 neptem
669 668 798 730 Sueeioe
816 688 832 731 a
847 669 904 731 l'l’.
918 670 1132 734 San-llaurinis
1147 674 1257 754 (aeque
1268 678 1413 758 atquequi
1430 679 1530 757 sequi-

210 774 273 853 tur)
288 779 412 857 primum
427 774 562 837 collatus.
593 772 708 834 Coniici
723 782 836 853 potest,
851 792 917 834 eum
931 778 1112 855 pertinuisse
1126 777 1162 838 ud
1179 778 1336 840 eeclesiam
1350 779 1529 858 Novigenti,

186 876 189 881 ’
209 880 348 960 vulgos.
364 876 459 940 Cloud
478 895 575 958 prope
588 875 730 940 Parisios.
758 873 849 952 (RS.)
873 967 877 974 '

174 1030 199 1053 -·
309 1012 360 1075 ΙΧ.
385 1013 490 1076 Codex
502 1014 673 1075 monasterii
690 1011 722 1075 S.
740 1008 915 1073 lbeodom'oi
932 1032 992 1074 non
1002 1014 1106 1094 procul
1122 1033 1138 1076 a
1152 1014 1262 1078 Remis.
1282 1018 1417 1099 Scriptus
1431 1017 1529 1077 oredi-

206 1128 255 1182 tur
269 1127 376 1180 octavo
390 1116 510 1178 saeculo
527 1116 575 1177 uel
590 1118 711 1177 ineunte
725 1135 815 1177 nono.
843 1115 972 1193 (Theod.
991 1113 1029 1195 I.)

312 1259 348 1317 X.
376 1252 481 1317 Codex
502 1251 634 1315 eiusdem
656 1254 829 1315 monasterii
852 1251 984 1313 eiusdem
1009 1252 1076 1313 lere
1101 1254 1217 1331 aetatis,
1244 1255 1368 1335 proprie
1397 1256 1528 1336 scriptus

207 1357 245 1420 ad
259 1376 343 1420 usum
355 1356 525 1419 monialium
538 1356 646 1417 beatae
662 1352 773 1417 lluriee
792 1356 1017 1417 Suessonensis.
1045 1354 1174 1432 (Tbeod.
1184 1352 1231 1432 2.)

309 1492 360 1554 XI.
389 1491 494 1555 Codex
508 1490 734 1570 Genreticeaoie,
764 1492 794 1550 in
814 1492 920 1569 ignoto
934 1491 1063 1569 Angliae
1081 1494 1264 1553 monasterio
1286 1501 1423 1552 exaratus
1448 1494 1528 1552 circa

207 1614 314 1657 annum
327 1596 378 1673 bl,
389 1596 570 1657 monasterio
585 1594 866 1656 veroCemeticensi
881 1593 1055 1655 donodatus
1069 1594 1237 1672 aldoberti,
1252 1595 1377 1674 praelati
1386 1595 1528 1655 coenobii

206 1699 363 1776 Anglicani
372 1699 490 1776 abbate,
505 1706 610 1778 postea
618 1695 962 1777 episcopoLondinensI‚
979 1695 1106 1776 demque
1127 1696 1354 1777 archiepiscopo
1375 1695 1527 1758 cantuari·

178 1874 181 1879 Ι
205 1804 288 1862 ensi:
316 1803 366 1883 qni
380 1801 454 1862 sede
469 1801 622 1880 expulsus,
638 1818 703 1860 cum
718 1797 811 1860 Roma
832 1807 1052 1876 reverteretur,
1075 1799 1217 1860 GemetIci
1240 1800 1314 1861 obiit
1335 1819 1412 1861 anno
1434 1798 1525 1861 llLll.

207 1905 286 1964 Sane
298 1904 368 1964 libri
390 1903 475 1964 buius
488 1902 645 1978 Anglicani
664 1919 737 1980 prae
756 1903 864 1960 ceteris
879 1903 954 1962 ratio
969 1901 1104 1962 habenda
1130 1901 1266 1979 uldetur‚
1289 1904 1357 1983 quia
1377 1902 1468 1979 llngli
1487 1902 1525 1962 ab

207 2008 273 2086 ipso
299 2007 445 2082 Gregorio
466 2005 614 2081 liturgiam
629 2021 790 2081 sacrosque
805 2004 877 2061 ritus
898 2012 1093 2082 acceperunt,
1114 2022 1178 2064 cum
1202 2007 1311 2065 tardius
1329 2005 1402 2066 ordo
1418 2006 1525 2065 Roma·

207 2127 262 2169 nus
276 2109 306 2170 in
320 2109 399 2169 omni
414 2107 544 2168 ecclesia
559 2103 709 2167 Gallicana
724 2103 894 2168 obtinuerit.
934 2103 1015 2165 Ilaec
1037 2106 1091 2167 PP.
1107 2105 1305 2173 Benedictini
1333 2106 1447 2185 (Gom.)

306 2242 372 2305 XII.
400 2241 503 2304 Codex
522 2237 687 2305 Muratorii
716 2236 901 2318 Vaticanus,
933 2242 1016 2317 euius
1044 2243 1101 2303 iam
1126 2262 1216 2325 supra
1239 2246 1419 2307 mentionem
1449 2245 1523 2306 leci-

205 2364 281 2408 mus.
309 2340 405 2424 (Vat.)
456 2354 459 2359 '

306 2483 385 2547 XIII.
413 2479 517 2545 Codex
529 2475 759 2543 decoctarum
775 2496 855 2541 saec.
870 2477 907 2539 X.
923 2481 1048 2560 triplicis
1061 2482 1146 2560 ritus,
1161 2501 1250 2562 supra
1271 2494 1519 2545 commemoratus

199 2607 233 2670 p.
253 2585 287 2651 6.
318 2586 479 2648 Gerbertus
502 2583 538 2646 I.
564 2584 599 2643 V.
627 2582 650 2644 1.
670 2601 711 2662 p.
745 2581 840 2643 XIX:
877 2577 936 2641 Est
959 2582 1007 2644 lu'e
1030 2584 1277 2661 decemper-aditis
1308 2603 1385 2644 coac
1422 2586 1524 2645 cocleae

197 2671 428 2769 Q'eutueei
460 2674 571 2747 notitia
591 2684 634 2747 od
659 2683 849 2763 racemos,
876 2680 1083 2763 messmam,
1109 2683 1298 2746 Moratur-ios
1319 2686 1521 2764 pervertisset,

152 2863 157 2869 ,
198 2799 293 2872 poto,
320 2790 402 2871 qood
426 2789 549 2851 alacres
573 2788 606 2849 io
632 2785 841 2851 Ammontem
872 2785 939 2850 eius
968 2788 1089 2849 oidesmc'
1117 2803 1216 2847 cauea
1243 2786 1439 2848 cdcclcesent
1463 2809 1522 2852 aec

202 2895 426 2956 detractassent
452 2891 647 2953 calceorum
671 2890 896 2970 intercapedine
920 2890 1039 2951 itineris
1063 2906 1105 2951 ec
1131 2888 1231 2950 ocum
1253 2896 1284 2951 et
1308 2889 1401 2953 Itolc'o
1425 2890 1518 2971 lonqi-

201 2996 345 3075 tudiam,
369 3001 488 3076 promte
513 2993 603 3056 ietiacc
627 2994 782 3073 eupoeotie
802 2992 924 3074 Alpium
943 2993 1032 3072 nqis.
1054 2988 1145 3070 (SG.)

304 3130 381 3194 XIV.
405 3130 470 3196 XV.
490 3131 568 3195 XVI.
595 3131 699 3213 Neque
717 3150 790 3193 vero
802 3134 834 3191 in
848 3131 903 3192 bac
916 3150 973 3191 una
987 3132 1094 3190 eximia
1108 3108 1276 3190 membrana
1289 3131 1438 3210 acquievit
1458 3140 1517 3190 stu-

202 3237 282 3299 dium
295 3234 435 3297 Gerberti
448 3254 485 3296 ac
497 3236 609 3298 feruor.
635 3234 674 3296 Ut
688 3245 800 3296 taceam
812 3226 985 3294 Gelasianos
1008 3233 1101 3294 libros
1117 3231 1234 3312 abipso
1249 3233 1375 3293 collatos
1400 3235 1428 3292 in
1446 3233 1517 3293 Gre-

201 3341 327 3417 goriuno
347 3339 406 3399 ritu
428 3338 613 3419 explorando
635 3338 769 3418 inprimis
789 3335 921 3396 adhibuit
950 3345 1012 3396 tres
1034 3334 1152 3396 codices
1172 3333 1229 3394 sibi
1251 3335 1432 3411 simillimos,
1452 3334 1518 3395 Suo

201 3438 400 3518 Blooc'eosem,
417 3438 688 3516 Petersbueanmm‚
709 3435 948 3498 Sotocorensemss
972 3439 1039 3499 Duo
1060 3439 1244 3518 posteriores
1269 3436 1376 3498 eodem
1396 3440 1516 3498 omnino

201 3563 266 3606 cum
281 3543 490 3606 San-blasiano
509 3545 660 3606 literarum
673 3549 789 3618 ornatu,
803 3541 956 3627 initialium
971 3543 1157 3621 praesertim,
1172 3555 1255 3618 auro,
1270 3549 1395 3618 argento
1414 3541 1517 3600 variis-

201 3666 258 3728 que
274 3646 427 3707 coloribus
442 3649 584 3726 pictarum
602 3644 777 3726 splendent:
799 3643 875 3705 adde
889 3644 1090 3706 characterum
1103 3663 1138 3704 ac
1152 3645 1243 3704 totius
1262 3644 1427 3722 scripturae
1449 3661 1516 3702 eum

201 3748 330 3810 habitum
345 3757 375 3808 et
390 3749 625 3811 conformitatem
640 3757 671 3809 et
683 3749 708 3808 si
723 3747 823 3808 dicere
839 3748 883 3808 las
898 3748 1144 3823 estidentitatem,
1158 3747 1222 3806 utsi
1236 3763 1295 3806 non
1310 3763 1414 3805 omnes
1427 3765 1516 3805 unum

201 3849 386 3932 eundemque
399 3853 576 3931 scriptorem
583 3849 847 3912 habuissedicendi
860 3851 972 3927 forent,
988 3867 1090 3909 exona
1104 3848 1208 3910 schola
1222 3847 1417 3928 prodiisepro
1431 3858 1515 3907 certo

170 3950 175 3959 '
200 3953 328 4015 habendi
342 3955 412 4035 sint,
428 3964 620 4037 posteaquam
630 3957 691 4032 jam
704 3972 797 4036 opera
809 3951 954 4015 Carolibl.
970 3951 1121 4013 literarum
1134 3952 1427 4014 nitorrestitutussit.
1443 3950 1515 4026 (ΞΒ.

201 4056 237 4118 ¹³⁸
260 4053 393 4223 szd'll.
416 4159 519 4221 XVIII.
546 4160 673 4239 Insuper
697 4159 871 4236 scripturam
887 4153 1035 4216 consuluit
1048 4154 1209 4216 Gerbertus
1232 4154 1354 4216 duorum
1369 4152 1514 4231 codicum,

201 4263 251 4341 qui
273 4264 302 4323 in
318 4262 504 4324 Bibliotheca
531 4258 917 4324 GaesareaVindobouensi
942 4267 1141 4319 asservantur.
1172 4257 1305 4338 Uterque
1326 4257 1515 4318 venerandae

200 4373 269 4424 sunt
287 4367 468 4445 antiquitatIs
489 4374 520 4426 et
534 4366 682 4441 originem
696 4361 805 4422 ducunt
820 4379 859 4420 ex
872 4360 992 4422 saeculo
1007 4380 1098 4424 nono.
1133 4361 1235 4438 Alter,
1257 4380 1344 4441 quem
1365 4358 1514 4419 Viadobo-

198 4482 321 4526 oensem
333 4470 481 4548 appellat,
496 4484 639 4527 canonem
652 4465 748 4526 solum
764 4483 829 4524 cum
846 4462 1033 4525 Praelatione
1047 4464 1224 4544 praemittit,
1249 4465 1366 4543 priores
1389 4465 1514 4542 paginas

200 4569 291 4632 hebet
304 4571 510 4633 literisaureis
524 4569 724 4650 pulcherrime
738 4576 908 4646 exornatas,
922 4565 1043 4629 additad
1052 4568 1214 4645 marginem
1224 4567 1444 4648 expositionem
1459 4566 1512 4627 Ca·
