<?xml version="1.0" encoding="UTF-8"?>
<!DOCTYPE html PUBLIC "-//W3C//DTD XHTML 1.0 Transitional//EN"
    "http://www.w3.org/TR/xhtml1/DTD/xhtml1-transitional.dtd">
<html xmlns="http://www.w3.org/1999/xhtml" xml:lang="en" lang="en">
 <head>
  <title>
</title>
<meta http-equiv="Content-Type" content="text/html;charset=utf-8" />
  <meta name='ocr-system' content='tesseract 3.04.00' />
  <meta name='ocr-capabilities' content='ocr_page ocr_carea ocr_par ocr_line ocrx_word'/>
</head>
<body>
  <div class='ocr_page' id='page_1' title='image "./codexliturgicus02danigoog_0388.png"; bbox 0 0 3202 5176; ppageno 0'>
   <div class='ocr_carea' id='block_1_1' title="bbox 696 337 770 410">
    <p class='ocr_par' dir='ltr' id='par_1_1' title="bbox 696 337 770 410">
     <span class='ocr_line' id='line_1_1' title="bbox 696 337 770 410; baseline -0.014 0"><span class='ocrx_word' id='word_1_1' title='bbox 696 337 770 410; x_wconf 79' lang='lat'>345</span> 
     </span>
    </p>
   </div>
   <div class='ocr_carea' id='block_1_2' title="bbox 71 516 1474 719">
    <p class='ocr_par' dir='ltr' id='par_1_2' title="bbox 71 516 1474 719">
     <span class='ocr_line' id='line_1_2' title="bbox 71 516 1474 719; baseline 0.009 -127"><span class='ocrx_word' id='word_1_2' title='bbox 71 538 160 592; x_wconf 88' lang='lat' dir='ltr'>mae</span> <span class='ocrx_word' id='word_1_3' title='bbox 168 521 318 591; x_wconf 87' lang='lat' dir='ltr'>omnium</span> <span class='ocrx_word' id='word_1_4' title='bbox 339 516 489 719; x_wconf 67' lang='lat' dir='ltr'>llqlelium</span> <span class='ocrx_word' id='word_1_5' title='bbox 514 518 752 618; x_wconf 84' lang='lat' dir='ltr'>defunctorum</span> <span class='ocrx_word' id='word_1_6' title='bbox 774 547 838 620; x_wconf 91' lang='lat' dir='ltr'>per</span> <span class='ocrx_word' id='word_1_7' title='bbox 861 526 1130 601; x_wconf 86' lang='lat' dir='ltr'>misericordiam</span> <span class='ocrx_word' id='word_1_8' title='bbox 1150 526 1217 599; x_wconf 87' lang='lat' dir='ltr'>Del</span> <span class='ocrx_word' id='word_1_9' title='bbox 1235 532 1389 624; x_wconf 75' lang='lat' dir='ltr'><strong>requies</strong></span> <span class='ocrx_word' id='word_1_10' title='bbox 1471 607 1474 613; x_wconf 79' lang='grc'><em>,</em></span> 
     </span>
     <span class='ocr_line' id='line_1_3' title="bbox 72 619 539 717; baseline -0.002 -24"><span class='ocrx_word' id='word_1_11' title='bbox 72 633 152 696; x_wconf 89' lang='lat' dir='ltr'>cant</span> <span class='ocrx_word' id='word_1_12' title='bbox 176 624 211 694; x_wconf 89' lang='lat' dir='ltr'>iu</span> <span class='ocrx_word' id='word_1_13' title='bbox 236 619 358 717; x_wconf 73' lang='lat' dir='ltr'>pace¹</span> <span class='ocrx_word' id='word_1_14' title='bbox 534 644 539 652; x_wconf 91' lang='grc'><em>·</em></span> 
     </span>
    </p>
   </div>
   <div class='ocr_carea' id='block_1_3' title="bbox 71 733 1400 1031">
    <p class='ocr_par' dir='ltr' id='par_1_3' title="bbox 71 733 1400 1031">
     <span class='ocr_line' id='line_1_4' title="bbox 174 733 1400 814; baseline 0.007 -20"><span class='ocrx_word' id='word_1_15' title='bbox 174 733 290 795; x_wconf 87' lang='lat' dir='ltr'>Deinde</span> <span class='ocrx_word' id='word_1_16' title='bbox 304 755 320 796; x_wconf 90' lang='lat' dir='ltr'>a</span> <span class='ocrx_word' id='word_1_17' title='bbox 335 735 510 814; x_wconf 89' lang='lat' dir='ltr'>sepultum&#39;</span> <span class='ocrx_word' id='word_1_18' title='bbox 500 753 530 795; x_wconf 91' lang='lat' dir='ltr'>m</span> <span class='ocrx_word' id='word_1_19' title='bbox 547 736 703 797; x_wconf 88' lang='lat' dir='ltr'>ecclesiam</span> <span class='ocrx_word' id='word_1_20' title='bbox 719 737 791 798; x_wconf 86' lang='lat' dir='ltr'>vel</span> <span class='ocrx_word' id='word_1_21' title='bbox 783 757 811 799; x_wconf 90' lang='grc' dir='ltr'>ιι</span> <span class='ocrx_word' id='word_1_22' title='bbox 826 738 994 800; x_wconf 89' lang='lat' dir='ltr'>Sacristiam</span> <span class='ocrx_word' id='word_1_23' title='bbox 1010 748 1197 802; x_wconf 84' lang='lat' dir='ltr'>revertentes</span> <span class='ocrx_word' id='word_1_24' title='bbox 1212 741 1309 803; x_wconf 88' lang='lat' dir='ltr'>dleant</span> <span class='ocrx_word' id='word_1_25' title='bbox 1323 745 1400 805; x_wconf 75' lang='lat' dir='ltr'>sibe</span> 
     </span>
     <span class='ocr_line' id='line_1_5' title="bbox 71 824 1388 929; baseline 0.005 -31"><span class='ocrx_word' id='word_1_26' title='bbox 71 845 158 898; x_wconf 86' lang='lat' dir='ltr'>cautu</span> <span class='ocrx_word' id='word_1_27' title='bbox 185 836 384 916; x_wconf 78' lang='lat' dir='ltr'>dntipbenam</span> <span class='ocrx_word' id='word_1_28' title='bbox 410 827 449 900; x_wconf 83' lang='lat' dir='ltr'>Si</span> <span class='ocrx_word' id='word_1_29' title='bbox 477 831 670 922; x_wconf 77' lang='lat' dir='ltr'>iniquitates</span> <span class='ocrx_word' id='word_1_30' title='bbox 701 858 765 900; x_wconf 91' lang='lat' dir='ltr'>cum</span> <span class='ocrx_word' id='word_1_31' title='bbox 789 842 905 903; x_wconf 85' lang='lat' dir='ltr'>Psalmo</span> <span class='ocrx_word' id='word_1_32' title='bbox 931 824 985 903; x_wconf 84' lang='lat' dir='ltr'>De</span> <span class='ocrx_word' id='word_1_33' title='bbox 1010 832 1190 929; x_wconf 82' lang='lat' dir='ltr'>profundis</span> <span class='ocrx_word' id='word_1_34' title='bbox 1214 844 1277 906; x_wconf 86' lang='lat' dir='ltr'>elo.</span> <span class='ocrx_word' id='word_1_35' title='bbox 1319 835 1388 905; x_wconf 85' lang='lat' dir='ltr'>Re-</span> 
     </span>
     <span class='ocr_line' id='line_1_6' title="bbox 71 930 880 1031; baseline 0.009 -32"><span class='ocrx_word' id='word_1_36' title='bbox 71 932 186 1023; x_wconf 90' lang='lat' dir='ltr'>quiem</span> <span class='ocrx_word' id='word_1_37' title='bbox 213 941 387 1000; x_wconf 82' lang='lat' dir='ltr'><strong>aeternam</strong></span> <span class='ocrx_word' id='word_1_38' title='bbox 415 930 505 1001; x_wconf 91' lang='lat' dir='ltr'>dona</span> <span class='ocrx_word' id='word_1_39' title='bbox 526 934 577 1004; x_wconf 91' lang='lat' dir='ltr'>eis</span> <span class='ocrx_word' id='word_1_40' title='bbox 601 931 748 1004; x_wconf 88' lang='lat' dir='ltr'>Domine</span> <span class='ocrx_word' id='word_1_41' title='bbox 772 931 880 1031; x_wconf 52' lang='lat' dir='ltr'>etofl)</span> 
     </span>
    </p>
   </div>
   <div class='ocr_carea' id='block_1_4' title="bbox 420 1099 1036 1198">
    <p class='ocr_par' dir='ltr' id='par_1_4' title="bbox 420 1099 1036 1198">
     <span class='ocr_line' id='line_1_7' title="bbox 420 1099 1036 1198; baseline 0.005 -28"><span class='ocrx_word' id='word_1_42' title='bbox 420 1099 480 1171; x_wconf 90' lang='lat' dir='ltr'>De</span> <span class='ocrx_word' id='word_1_43' title='bbox 506 1099 718 1198; x_wconf 83' lang='lat' dir='ltr'>Exeqaiis</span> <span class='ocrx_word' id='word_1_44' title='bbox 745 1104 1036 1176; x_wconf 86' lang='lat' dir='ltr'>Parvulorum</span> 
     </span>
    </p>
   </div>
   <div class='ocr_carea' id='block_1_5' title="bbox 68 1205 1386 1613">
    <p class='ocr_par' dir='ltr' id='par_1_5' title="bbox 69 1205 1386 1414">
     <span class='ocr_line' id='line_1_8' title="bbox 170 1205 1386 1313; baseline 0.005 -27"><span class='ocrx_word' id='word_1_45' title='bbox 170 1225 202 1287; x_wconf 90' lang='lat' dir='ltr'>ln</span> <span class='ocrx_word' id='word_1_46' title='bbox 217 1227 321 1288; x_wconf 86' lang='lat' dir='ltr'>lunare</span> <span class='ocrx_word' id='word_1_47' title='bbox 336 1226 528 1289; x_wconf 80' lang='lat' dir='ltr'>Parvulorum</span> <span class='ocrx_word' id='word_1_48' title='bbox 544 1205 741 1310; x_wconf 86' lang='lat' dir='ltr'>utplurimum</span> <span class='ocrx_word' id='word_1_49' title='bbox 757 1251 814 1293; x_wconf 91' lang='lat' dir='ltr'>non</span> <span class='ocrx_word' id='word_1_50' title='bbox 836 1233 987 1312; x_wconf 90' lang='lat' dir='ltr'>pulsantur</span> <span class='ocrx_word' id='word_1_51' title='bbox 1001 1248 1172 1313; x_wconf 78' lang='lat' dir='ltr'>campanae:</span> <span class='ocrx_word' id='word_1_52' title='bbox 1189 1232 1268 1312; x_wconf 91' lang='lat' dir='ltr'>quod</span> <span class='ocrx_word' id='word_1_53' title='bbox 1281 1234 1307 1293; x_wconf 92' lang='lat' dir='ltr'>si</span> <span class='ocrx_word' id='word_1_54' title='bbox 1320 1233 1386 1312; x_wconf 92' lang='lat' dir='ltr'>pul-</span> 
     </span>
     <span class='ocr_line' id='line_1_9' title="bbox 69 1330 1107 1414; baseline 0.005 -24"><span class='ocrx_word' id='word_1_55' title='bbox 69 1337 182 1408; x_wconf 90' lang='lat' dir='ltr'>sentur,</span> <span class='ocrx_word' id='word_1_56' title='bbox 196 1346 256 1389; x_wconf 90' lang='lat' dir='ltr'>non</span> <span class='ocrx_word' id='word_1_57' title='bbox 269 1346 345 1391; x_wconf 91' lang='lat' dir='ltr'>sono</span> <span class='ocrx_word' id='word_1_58' title='bbox 363 1330 482 1408; x_wconf 77' lang='lat' dir='ltr'>lugubri</span> <span class='ocrx_word' id='word_1_59' title='bbox 497 1332 549 1392; x_wconf 87' lang='lat' dir='ltr'>sed</span> <span class='ocrx_word' id='word_1_60' title='bbox 567 1336 665 1411; x_wconf 91' lang='lat' dir='ltr'>potius</span> <span class='ocrx_word' id='word_1_61' title='bbox 677 1332 788 1411; x_wconf 79' lang='lat' dir='ltr'>lestivo</span> <span class='ocrx_word' id='word_1_62' title='bbox 802 1335 913 1414; x_wconf 89' lang='lat' dir='ltr'>pulsari</span> <span class='ocrx_word' id='word_1_63' title='bbox 928 1334 1048 1394; x_wconf 90' lang='lat' dir='ltr'>debent.</span> <span class='ocrx_word' id='word_1_64' title='bbox 1069 1364 1107 1376; x_wconf 90' lang='lat'><em>—</em></span> 
     </span>
    </p>

    <p class='ocr_par' dir='ltr' id='par_1_6' title="bbox 68 1417 1386 1613">
     <span class='ocr_line' id='line_1_10' title="bbox 170 1417 1385 1516; baseline 0.004 -25"><span class='ocrx_word' id='word_1_65' title='bbox 170 1417 309 1505; x_wconf 76' lang='lat' dir='ltr'>lnlans³l</span> <span class='ocrx_word' id='word_1_66' title='bbox 325 1431 456 1492; x_wconf 78' lang='lat' dir='ltr'>induitur</span> <span class='ocrx_word' id='word_1_67' title='bbox 470 1434 551 1493; x_wconf 83' lang='lat' dir='ltr'>iuxta</span> <span class='ocrx_word' id='word_1_68' title='bbox 564 1443 691 1495; x_wconf 87' lang='lat' dir='ltr'>aetatem</span> <span class='ocrx_word' id='word_1_69' title='bbox 707 1444 738 1496; x_wconf 89' lang='lat' dir='ltr'>et</span> <span class='ocrx_word' id='word_1_70' title='bbox 750 1439 909 1516; x_wconf 73' lang='lat' dir='ltr'>imponitur</span> <span class='ocrx_word' id='word_1_71' title='bbox 923 1438 950 1497; x_wconf 89' lang='lat' dir='ltr'>ei</span> <span class='ocrx_word' id='word_1_72' title='bbox 965 1453 1077 1498; x_wconf 89' lang='lat' dir='ltr'>corona</span> <span class='ocrx_word' id='word_1_73' title='bbox 1091 1437 1128 1498; x_wconf 90' lang='lat' dir='ltr'>de</span> <span class='ocrx_word' id='word_1_74' title='bbox 1142 1435 1266 1498; x_wconf 90' lang='lat' dir='ltr'>floribus</span> <span class='ocrx_word' id='word_1_75' title='bbox 1280 1451 1334 1496; x_wconf 87' lang='lat' dir='ltr'>seu</span> <span class='ocrx_word' id='word_1_76' title='bbox 1348 1435 1385 1496; x_wconf 89' lang='lat' dir='ltr'>de</span> 
     </span>
     <span class='ocr_line' id='line_1_11' title="bbox 68 1531 1386 1613; baseline 0.002 -19"><span class='ocrx_word' id='word_1_77' title='bbox 68 1531 170 1594; x_wconf 88' lang='lat' dir='ltr'>herbis</span> <span class='ocrx_word' id='word_1_78' title='bbox 194 1533 361 1593; x_wconf 73' lang='lat' dir='ltr'>aromaticis</span> <span class='ocrx_word' id='word_1_79' title='bbox 380 1542 409 1592; x_wconf 89' lang='lat' dir='ltr'>et</span> <span class='ocrx_word' id='word_1_80' title='bbox 430 1533 590 1611; x_wconf 72' lang='lat' dir='ltr'>odoriferis</span> <span class='ocrx_word' id='word_1_81' title='bbox 610 1537 640 1594; x_wconf 93' lang='lat' dir='ltr'>in</span> <span class='ocrx_word' id='word_1_82' title='bbox 654 1537 770 1612; x_wconf 85' lang='lat' dir='ltr'>siguum</span> <span class='ocrx_word' id='word_1_83' title='bbox 784 1539 964 1613; x_wconf 82' lang='lat' dir='ltr'>integritatis</span> <span class='ocrx_word' id='word_1_84' title='bbox 979 1540 1076 1598; x_wconf 82' lang='lat' dir='ltr'>caruis</span> <span class='ocrx_word' id='word_1_85' title='bbox 1091 1547 1122 1598; x_wconf 90' lang='lat' dir='ltr'>et</span> <span class='ocrx_word' id='word_1_86' title='bbox 1136 1538 1331 1613; x_wconf 82' lang='lat' dir='ltr'>virginitatis:</span> <span class='ocrx_word' id='word_1_87' title='bbox 1355 1547 1386 1597; x_wconf 92' lang='lat' dir='ltr'>et</span> 
     </span>
    </p>
   </div>
   <div class='ocr_carea' id='block_1_6' title="bbox 111 1741 1385 1821">
    <p class='ocr_par' dir='ltr' id='par_1_7' title="bbox 111 1741 1385 1821">
     <span class='ocr_line' id='line_1_12' title="bbox 111 1741 1385 1821; baseline 0.001 -21"><span class='ocrx_word' id='word_1_88' title='bbox 111 1741 143 1821; x_wconf 94' lang='lat' dir='ltr'>l)</span> <span class='ocrx_word' id='word_1_89' title='bbox 152 1743 267 1800; x_wconf 81' lang='lat' dir='ltr'>silentio</span> <span class='ocrx_word' id='word_1_90' title='bbox 273 1741 465 1814; x_wconf 85' lang='lat' dir='ltr'>praetermittit</span> <span class='ocrx_word' id='word_1_91' title='bbox 473 1743 575 1799; x_wconf 84' lang='lat' dir='ltr'>llituale</span> <span class='ocrx_word' id='word_1_92' title='bbox 584 1744 729 1800; x_wconf 82' lang='lat' dir='ltr'>Romanam</span> <span class='ocrx_word' id='word_1_93' title='bbox 736 1746 815 1801; x_wconf 88' lang='lat' dir='ltr'>ritum</span> <span class='ocrx_word' id='word_1_94' title='bbox 821 1743 971 1815; x_wconf 81' lang='lat' dir='ltr'>grandisne</span> <span class='ocrx_word' id='word_1_95' title='bbox 980 1744 1135 1800; x_wconf 84' lang='lat' dir='ltr'>tremendae</span> <span class='ocrx_word' id='word_1_96' title='bbox 1147 1744 1294 1802; x_wconf 86' lang='lat' dir='ltr'>maiestatis</span> <span class='ocrx_word' id='word_1_97' title='bbox 1303 1746 1385 1801; x_wconf 88' lang='lat' dir='ltr'>:dieo</span> 
     </span>
    </p>
   </div>
   <div class='ocr_carea' id='block_1_7' title="bbox 66 1827 1473 1901">
    <p class='ocr_par' dir='ltr' id='par_1_8' title="bbox 66 1827 1473 1901">
     <span class='ocr_line' id='line_1_13' title="bbox 66 1827 1473 1901; baseline 0 -16"><span class='ocrx_word' id='word_1_98' title='bbox 66 1845 172 1886; x_wconf 90' lang='lat' dir='ltr'>morem</span> <span class='ocrx_word' id='word_1_99' title='bbox 183 1827 345 1900; x_wconf 89' lang='lat' dir='ltr'>proiiclendi</span> <span class='ocrx_word' id='word_1_100' title='bbox 355 1827 495 1899; x_wconf 86' lang='lat' dir='ltr'>pulverem</span> <span class='ocrx_word' id='word_1_101' title='bbox 505 1828 533 1895; x_wconf 83' lang='lat' dir='ltr'>in</span> <span class='ocrx_word' id='word_1_102' title='bbox 541 1828 890 1901; x_wconf 83' lang='lat' dir='ltr'>loculamdetuncti,iamiu</span> <span class='ocrx_word' id='word_1_103' title='bbox 898 1828 1128 1899; x_wconf 87' lang='lat' dir='ltr'>llitualiEligiano</span> <span class='ocrx_word' id='word_1_104' title='bbox 1136 1836 1384 1891; x_wconf 81' lang='lat' dir='ltr'>commemoratum.</span> <span class='ocrx_word' id='word_1_105' title='bbox 1469 1888 1473 1896; x_wconf 62' lang='grc'><em>,</em></span> 
     </span>
    </p>
   </div>
   <div class='ocr_carea' id='block_1_8' title="bbox 10 1912 1423 4735">
    <p class='ocr_par' dir='ltr' id='par_1_9' title="bbox 23 1912 1423 3001">
     <span class='ocr_line' id='line_1_14' title="bbox 65 1912 1382 1986; baseline 0 -16"><span class='ocrx_word' id='word_1_106' title='bbox 65 1912 184 1985; x_wconf 80' lang='lat' dir='ltr'>Agenda</span> <span class='ocrx_word' id='word_1_107' title='bbox 198 1913 345 1970; x_wconf 86' lang='lat' dir='ltr'>llonaster.</span> <span class='ocrx_word' id='word_1_108' title='bbox 363 1913 451 1983; x_wconf 86' lang='lat' dir='ltr'>„num</span> <span class='ocrx_word' id='word_1_109' title='bbox 465 1914 518 1969; x_wconf 92' lang='lat' dir='ltr'>iam</span> <span class='ocrx_word' id='word_1_110' title='bbox 534 1915 623 1969; x_wconf 91' lang='lat' dir='ltr'>tumba</span> <span class='ocrx_word' id='word_1_111' title='bbox 639 1924 681 1971; x_wconf 90' lang='lat' dir='ltr'>est</span> <span class='ocrx_word' id='word_1_112' title='bbox 695 1915 721 1971; x_wconf 88' lang='lat' dir='ltr'>in</span> <span class='ocrx_word' id='word_1_113' title='bbox 737 1914 864 1986; x_wconf 88' lang='lat' dir='ltr'>sepulcro</span> <span class='ocrx_word' id='word_1_114' title='bbox 876 1922 1006 1986; x_wconf 88' lang='lat' dir='ltr'>aspergat</span> <span class='ocrx_word' id='word_1_115' title='bbox 1019 1914 1115 1969; x_wconf 86' lang='lat' dir='ltr'>iterum</span> <span class='ocrx_word' id='word_1_116' title='bbox 1130 1913 1212 1969; x_wconf 89' lang='lat' dir='ltr'>tertio</span> <span class='ocrx_word' id='word_1_117' title='bbox 1227 1912 1300 1968; x_wconf 88' lang='lat' dir='ltr'>illam</span> <span class='ocrx_word' id='word_1_118' title='bbox 1313 1931 1382 1986; x_wconf 89' lang='lat' dir='ltr'>aqna</span> 
     </span>
     <span class='ocr_line' id='line_1_15' title="bbox 66 1995 1382 2071; baseline 0.001 -18"><span class='ocrx_word' id='word_1_119' title='bbox 66 1997 220 2068; x_wconf 88' lang='lat' dir='ltr'>benedicta,</span> <span class='ocrx_word' id='word_1_120' title='bbox 235 1995 375 2070; x_wconf 56' lang='lat' dir='ltr'>repetens&amp;</span> <span class='ocrx_word' id='word_1_121' title='bbox 391 1997 481 2053; x_wconf 82' lang='lat' dir='ltr'>llere</span> <span class='ocrx_word' id='word_1_122' title='bbox 498 1998 654 2054; x_wconf 74' lang='lat' dir='ltr'>coelesti</span> <span class='ocrx_word' id='word_1_123' title='bbox 671 2009 723 2056; x_wconf 90' lang='lat' dir='ltr'>etc.</span> <span class='ocrx_word' id='word_1_124' title='bbox 740 2008 767 2054; x_wconf 92' lang='lat' dir='ltr'>et</span> <span class='ocrx_word' id='word_1_125' title='bbox 781 2001 884 2071; x_wconf 87' lang='lat' dir='ltr'>pariter</span> <span class='ocrx_word' id='word_1_126' title='bbox 897 1998 1023 2055; x_wconf 85' lang='lat' dir='ltr'>immittat</span> <span class='ocrx_word' id='word_1_127' title='bbox 1036 1997 1136 2070; x_wconf 89' lang='lat' dir='ltr'>aliquid</span> <span class='ocrx_word' id='word_1_128' title='bbox 1148 2014 1231 2071; x_wconf 91' lang='lat' dir='ltr'>super</span> <span class='ocrx_word' id='word_1_129' title='bbox 1241 1998 1315 2054; x_wconf 91' lang='lat' dir='ltr'>illam</span> <span class='ocrx_word' id='word_1_130' title='bbox 1326 2006 1382 2054; x_wconf 88' lang='lat' dir='ltr'>ter·</span> 
     </span>
     <span class='ocr_line' id='line_1_16' title="bbox 66 2076 1381 2156; baseline -0.001 -17"><span class='ocrx_word' id='word_1_131' title='bbox 66 2096 130 2154; x_wconf 86' lang='lat' dir='ltr'>rae,</span> <span class='ocrx_word' id='word_1_132' title='bbox 147 2076 256 2138; x_wconf 89' lang='lat' dir='ltr'>diceus:</span> <span class='ocrx_word' id='word_1_133' title='bbox 280 2080 750 2154; x_wconf 76' lang='lat' dir='ltr'>beterraplasmastleum,</span> <span class='ocrx_word' id='word_1_134' title='bbox 772 2085 870 2156; x_wconf 88' lang='lat' dir='ltr'>pelle</span> <span class='ocrx_word' id='word_1_135' title='bbox 886 2081 1284 2139; x_wconf 83' lang='lat' dir='ltr'>etoabuibusvestiisti</span> <span class='ocrx_word' id='word_1_136' title='bbox 1300 2098 1381 2155; x_wconf 88' lang='lat' dir='ltr'>eum,</span> 
     </span>
     <span class='ocr_line' id='line_1_17' title="bbox 67 2166 1380 2240; baseline -0.001 -17"><span class='ocrx_word' id='word_1_137' title='bbox 67 2167 249 2224; x_wconf 84' lang='lat' dir='ltr'>reaoaoita</span> <span class='ocrx_word' id='word_1_138' title='bbox 270 2167 389 2221; x_wconf 90' lang='lat' dir='ltr'>eumin</span> <span class='ocrx_word' id='word_1_139' title='bbox 405 2167 605 2222; x_wconf 89' lang='lat' dir='ltr'>novissimo</span> <span class='ocrx_word' id='word_1_140' title='bbox 620 2166 688 2225; x_wconf 90' lang='lat' dir='ltr'>die.</span> <span class='ocrx_word' id='word_1_141' title='bbox 719 2168 779 2235; x_wconf 79' lang='lat' dir='ltr'>Quo</span> <span class='ocrx_word' id='word_1_142' title='bbox 795 2176 908 2240; x_wconf 87' lang='lat' dir='ltr'>peracte</span> <span class='ocrx_word' id='word_1_143' title='bbox 923 2169 1012 2225; x_wconf 88' lang='lat' dir='ltr'>statim</span> <span class='ocrx_word' id='word_1_144' title='bbox 1023 2167 1206 2240; x_wconf 85' lang='lat' dir='ltr'>&#39;cooperiatur</span> <span class='ocrx_word' id='word_1_145' title='bbox 1218 2169 1380 2239; x_wconf 80' lang='lat' dir='ltr'>sepulcrum.</span> 
     </span>
     <span class='ocr_line' id='line_1_18' title="bbox 23 2250 1381 2326; baseline 0 -18"><span class='ocrx_word' id='word_1_146' title='bbox 23 2277 26 2281; x_wconf 96' lang='lat'>·</span> <span class='ocrx_word' id='word_1_147' title='bbox 64 2251 169 2308; x_wconf 72' lang='grc' dir='ltr'>Βὶιιιιιιο</span> <span class='ocrx_word' id='word_1_148' title='bbox 190 2251 307 2320; x_wconf 83' lang='lat' dir='ltr'>August.</span> <span class='ocrx_word' id='word_1_149' title='bbox 327 2251 393 2306; x_wconf 78' lang='lat'><strong>1587</strong></span> <span class='ocrx_word' id='word_1_150' title='bbox 402 2270 409 2305; x_wconf 75' lang='grc' dir='ltr'>ε</span> <span class='ocrx_word' id='word_1_151' title='bbox 433 2250 570 2306; x_wconf 81' lang='lat' dir='ltr'>Sacerdos</span> <span class='ocrx_word' id='word_1_152' title='bbox 590 2253 718 2324; x_wconf 89' lang='lat' dir='ltr'>proiiciat</span> <span class='ocrx_word' id='word_1_153' title='bbox 736 2261 836 2310; x_wconf 89' lang='lat' dir='ltr'>terram</span> <span class='ocrx_word' id='word_1_154' title='bbox 857 2270 939 2326; x_wconf 88' lang='lat' dir='ltr'>super</span> <span class='ocrx_word' id='word_1_155' title='bbox 959 2252 1038 2310; x_wconf 81' lang='lat' dir='ltr'>funos</span> <span class='ocrx_word' id='word_1_156' title='bbox 1058 2261 1102 2310; x_wconf 87' lang='lat' dir='ltr'>ter</span> <span class='ocrx_word' id='word_1_157' title='bbox 1123 2251 1255 2309; x_wconf 81' lang='lat' dir='ltr'>diceudo:</span> <span class='ocrx_word' id='word_1_158' title='bbox 1279 2252 1381 2308; x_wconf 84' lang='lat' dir='ltr'>Sarna</span> 
     </span>
     <span class='ocr_line' id='line_1_19' title="bbox 64 2333 1380 2409; baseline 0 -18"><span class='ocrx_word' id='word_1_159' title='bbox 64 2342 164 2392; x_wconf 90' lang='lat' dir='ltr'>terra</span> <span class='ocrx_word' id='word_1_160' title='bbox 186 2333 385 2406; x_wconf 88' lang='lat' dir='ltr'>quodtuum</span> <span class='ocrx_word' id='word_1_161' title='bbox 403 2342 475 2404; x_wconf 85' lang='lat' dir='ltr'>est,</span> <span class='ocrx_word' id='word_1_162' title='bbox 497 2351 632 2407; x_wconf 88' lang='lat' dir='ltr'>corpus</span> <span class='ocrx_word' id='word_1_163' title='bbox 648 2338 804 2393; x_wconf 88' lang='lat' dir='ltr'>deterra</span> <span class='ocrx_word' id='word_1_164' title='bbox 820 2339 1093 2408; x_wconf 78' lang='lat' dir='ltr'>formatumest,</span> <span class='ocrx_word' id='word_1_165' title='bbox 1112 2334 1263 2409; x_wconf 86' lang='lat' dir='ltr'>spiritus</span> <span class='ocrx_word' id='word_1_166' title='bbox 1279 2335 1380 2392; x_wconf 90' lang='lat' dir='ltr'>deor-</span> 
     </span>
     <span class='ocr_line' id='line_1_20' title="bbox 65 2418 1423 2493; baseline 0.001 -18"><span class='ocrx_word' id='word_1_167' title='bbox 65 2436 139 2475; x_wconf 89' lang='lat' dir='ltr'>sum</span> <span class='ocrx_word' id='word_1_168' title='bbox 157 2419 356 2490; x_wconf 87' lang='lat' dir='ltr'>inspiratus</span> <span class='ocrx_word' id='word_1_169' title='bbox 378 2424 441 2477; x_wconf 89' lang='lat' dir='ltr'>est.</span> <span class='ocrx_word' id='word_1_170' title='bbox 470 2418 641 2474; x_wconf 87' lang='lat' dir='ltr'>llemanto</span> <span class='ocrx_word' id='word_1_171' title='bbox 665 2422 768 2477; x_wconf 92' lang='lat' dir='ltr'>homo</span> <span class='ocrx_word' id='word_1_172' title='bbox 792 2421 871 2493; x_wconf 86' lang='lat' dir='ltr'>quia</span> <span class='ocrx_word' id='word_1_173' title='bbox 895 2421 989 2476; x_wconf 89' lang='lat' dir='ltr'>ciuis</span> <span class='ocrx_word' id='word_1_174' title='bbox 1009 2420 1378 2486; x_wconf 86' lang='lat' dir='ltr'>esetineinaremr&#39;e-</span> <span class='ocrx_word' id='word_1_175' title='bbox 1419 2448 1423 2455; x_wconf 72' lang='lat'>=</span> 
     </span>
     <span class='ocr_line' id='line_1_21' title="bbox 64 2500 1376 2576; baseline -0.002 -16"><span class='ocrx_word' id='word_1_176' title='bbox 64 2501 233 2560; x_wconf 86' lang='lat' dir='ltr'>verteris.</span> <span class='ocrx_word' id='word_1_177' title='bbox 274 2500 375 2558; x_wconf 86' lang='lat' dir='ltr'>Similia</span> <span class='ocrx_word' id='word_1_178' title='bbox 400 2501 580 2558; x_wconf 86' lang='lat' dir='ltr'>observantur</span> <span class='ocrx_word' id='word_1_179' title='bbox 595 2504 622 2558; x_wconf 93' lang='lat' dir='ltr'>in</span> <span class='ocrx_word' id='word_1_180' title='bbox 637 2505 763 2562; x_wconf 82' lang='lat' dir='ltr'>llioe&#39;cesi</span> <span class='ocrx_word' id='word_1_181' title='bbox 777 2505 949 2576; x_wconf 84' lang='lat' dir='ltr'>lloguntina,</span> <span class='ocrx_word' id='word_1_182' title='bbox 972 2505 1137 2574; x_wconf 73' lang='lat' dir='ltr'>bobacensi,</span> <span class='ocrx_word' id='word_1_183' title='bbox 1154 2504 1306 2560; x_wconf 80' lang='lat' dir='ltr'>brixinensi</span> <span class='ocrx_word' id='word_1_184' title='bbox 1322 2513 1376 2566; x_wconf 82' lang='lat' dir='ltr'>etc.</span> 
     </span>
     <span class='ocr_line' id='line_1_22' title="bbox 63 2584 1422 2660; baseline 0 -17"><span class='ocrx_word' id='word_1_185' title='bbox 63 2588 143 2660; x_wconf 80' lang='lat' dir='ltr'>Apud</span> <span class='ocrx_word' id='word_1_186' title='bbox 161 2585 291 2660; x_wconf 91' lang='lat' dir='ltr'>quosdam</span> <span class='ocrx_word' id='word_1_187' title='bbox 305 2584 452 2655; x_wconf 81' lang='lat' dir='ltr'>Sacerdos,</span> <span class='ocrx_word' id='word_1_188' title='bbox 467 2587 590 2649; x_wconf 86' lang='lat' dir='ltr'>omnibus</span> <span class='ocrx_word' id='word_1_189' title='bbox 605 2588 657 2645; x_wconf 87' lang='lat' dir='ltr'>rite</span> <span class='ocrx_word' id='word_1_190' title='bbox 673 2589 803 2660; x_wconf 85' lang='lat' dir='ltr'>peractis,</span> <span class='ocrx_word' id='word_1_191' title='bbox 818 2604 900 2646; x_wconf 88' lang='lat' dir='ltr'>cruce</span> <span class='ocrx_word' id='word_1_192' title='bbox 915 2591 1007 2660; x_wconf 87' lang='lat' dir='ltr'>lignea</span> <span class='ocrx_word' id='word_1_193' title='bbox 1023 2591 1114 2659; x_wconf 91' lang='lat' dir='ltr'>signat</span> <span class='ocrx_word' id='word_1_194' title='bbox 1125 2589 1279 2660; x_wconf 87' lang='lat' dir='ltr'>sepulerum</span> <span class='ocrx_word' id='word_1_195' title='bbox 1293 2589 1379 2644; x_wconf 85' lang='lat' dir='ltr'>tribus</span> <span class='ocrx_word' id='word_1_196' title='bbox 1415 2623 1422 2635; x_wconf 63' lang='grc'><strong>«</strong></span> 
     </span>
     <span class='ocr_line' id='line_1_23' title="bbox 63 2667 1378 2747; baseline -0.002 -18"><span class='ocrx_word' id='word_1_197' title='bbox 63 2675 93 2730; x_wconf 86' lang='lat' dir='ltr'>ia</span> <span class='ocrx_word' id='word_1_198' title='bbox 107 2670 194 2729; x_wconf 85' lang='lat' dir='ltr'>locis:</span> <span class='ocrx_word' id='word_1_199' title='bbox 219 2671 370 2742; x_wconf 81' lang='lat' dir='ltr'>incapite,</span> <span class='ocrx_word' id='word_1_200' title='bbox 394 2671 421 2725; x_wconf 92' lang='lat' dir='ltr'>in</span> <span class='ocrx_word' id='word_1_201' title='bbox 437 2671 546 2741; x_wconf 89' lang='lat' dir='ltr'>medlo,</span> <span class='ocrx_word' id='word_1_202' title='bbox 560 2678 588 2727; x_wconf 89' lang='lat' dir='ltr'>et</span> <span class='ocrx_word' id='word_1_203' title='bbox 601 2673 755 2745; x_wconf 90' lang='lat' dir='ltr'>inpedibus</span> <span class='ocrx_word' id='word_1_204' title='bbox 767 2672 879 2731; x_wconf 86' lang='lat' dir='ltr'>dicens:</span> <span class='ocrx_word' id='word_1_205' title='bbox 895 2675 1037 2744; x_wconf 83' lang='lat' dir='ltr'>Signum</span> <span class='ocrx_word' id='word_1_206' title='bbox 1052 2672 1251 2730; x_wconf 86' lang='lat' dir='ltr'>Salvateris</span> <span class='ocrx_word' id='word_1_207' title='bbox 1270 2667 1294 2747; x_wconf 94' lang='lat'>†</span> <span class='ocrx_word' id='word_1_208' title='bbox 1315 2673 1378 2727; x_wconf 80' lang='lat' dir='ltr'>lto·</span> 
     </span>
     <span class='ocr_line' id='line_1_24' title="bbox 65 2753 1377 2836; baseline -0.002 -22"><span class='ocrx_word' id='word_1_209' title='bbox 65 2753 1377 2836; x_wconf 73' lang='lat' dir='ltr'>mininostrilesacbristi†superte,qniin,lracimagiue†redemitte,</span> 
     </span>
     <span class='ocr_line' id='line_1_25' title="bbox 64 2837 1376 2918; baseline -0.002 -20"><span class='ocrx_word' id='word_1_210' title='bbox 64 2859 130 2898; x_wconf 86' lang='lat' dir='ltr'>neo</span> <span class='ocrx_word' id='word_1_211' title='bbox 150 2841 341 2915; x_wconf 87' lang='lat' dir='ltr'>permittat</span> <span class='ocrx_word' id='word_1_212' title='bbox 358 2840 522 2913; x_wconf 77' lang='lat' dir='ltr'>introire</span> <span class='ocrx_word' id='word_1_213' title='bbox 543 2839 646 2918; x_wconf 81' lang='lat' dir='ltr'>(intigit</span> <span class='ocrx_word' id='word_1_214' title='bbox 667 2861 774 2900; x_wconf 90' lang='lat' dir='ltr'>erucem</span> <span class='ocrx_word' id='word_1_215' title='bbox 789 2845 909 2916; x_wconf 88' lang='lat' dir='ltr'>ligneam</span> <span class='ocrx_word' id='word_1_216' title='bbox 923 2844 951 2900; x_wconf 88' lang='lat' dir='ltr'>in</span> <span class='ocrx_word' id='word_1_217' title='bbox 966 2843 1055 2915; x_wconf 89' lang='lat' dir='ltr'>capite</span> <span class='ocrx_word' id='word_1_218' title='bbox 1069 2837 1201 2914; x_wconf 83' lang='lat' dir='ltr'>sepulcri)</span> <span class='ocrx_word' id='word_1_219' title='bbox 1215 2841 1376 2910; x_wconf 83' lang='lat' dir='ltr'>angelum</span> 
     </span>
     <span class='ocr_line' id='line_1_26' title="bbox 63 2926 589 3001; baseline 0.004 -18"><span class='ocrx_word' id='word_1_220' title='bbox 63 2926 589 3001; x_wconf 82' lang='lat' dir='ltr'>percutienteminaaternum.</span> 
     </span>
    </p>

    <p class='ocr_par' dir='ltr' id='par_1_10' title="bbox 54 3007 1392 4527">
     <span class='ocr_line' id='line_1_27' title="bbox 123 3007 1374 3086; baseline 0 -22"><span class='ocrx_word' id='word_1_221' title='bbox 123 3007 154 3085; x_wconf 78' lang='lat'>2)</span> <span class='ocrx_word' id='word_1_222' title='bbox 176 3008 292 3066; x_wconf 85' lang='lat' dir='ltr'>Vetusta</span> <span class='ocrx_word' id='word_1_223' title='bbox 307 3009 422 3066; x_wconf 87' lang='lat' dir='ltr'>llitaalia</span> <span class='ocrx_word' id='word_1_224' title='bbox 441 3011 468 3067; x_wconf 95' lang='lat' dir='ltr'>iu</span> <span class='ocrx_word' id='word_1_225' title='bbox 483 3008 572 3068; x_wconf 88' lang='lat' dir='ltr'>multis</span> <span class='ocrx_word' id='word_1_226' title='bbox 594 3011 628 3068; x_wconf 88' lang='lat' dir='ltr'>ab</span> <span class='ocrx_word' id='word_1_227' title='bbox 642 3012 778 3069; x_wconf 87' lang='lat' dir='ltr'>hodierno</span> <span class='ocrx_word' id='word_1_228' title='bbox 793 3012 959 3086; x_wconf 89' lang='lat' dir='ltr'>discrepant,</span> <span class='ocrx_word' id='word_1_229' title='bbox 976 3010 1046 3067; x_wconf 90' lang='lat' dir='ltr'>alios</span> <span class='ocrx_word' id='word_1_230' title='bbox 1061 3009 1122 3066; x_wconf 89' lang='lat' dir='ltr'>cani</span> <span class='ocrx_word' id='word_1_231' title='bbox 1136 3008 1230 3067; x_wconf 82' lang='lat' dir='ltr'>iubent</span> <span class='ocrx_word' id='word_1_232' title='bbox 1243 3009 1374 3081; x_wconf 85' lang='lat' dir='ltr'>Psalmon,</span> 
     </span>
     <span class='ocr_line' id='line_1_28' title="bbox 60 3088 1373 3168; baseline -0.002 -17"><span class='ocrx_word' id='word_1_233' title='bbox 60 3096 131 3151; x_wconf 90' lang='lat' dir='ltr'>alias</span> <span class='ocrx_word' id='word_1_234' title='bbox 145 3088 281 3150; x_wconf 73' lang='lat' dir='ltr'>concana</span> <span class='ocrx_word' id='word_1_235' title='bbox 296 3101 349 3152; x_wconf 83' lang='lat' dir='ltr'>etc.</span> <span class='ocrx_word' id='word_1_236' title='bbox 381 3091 438 3150; x_wconf 79' lang='lat' dir='ltr'>lieo</span> <span class='ocrx_word' id='word_1_237' title='bbox 451 3095 534 3152; x_wconf 91' lang='lat' dir='ltr'>bodie</span> <span class='ocrx_word' id='word_1_238' title='bbox 549 3112 644 3154; x_wconf 90' lang='lat' dir='ltr'>omues</span> <span class='ocrx_word' id='word_1_239' title='bbox 657 3097 792 3168; x_wconf 75' lang='lat' dir='ltr'>Agendae</span> <span class='ocrx_word' id='word_1_240' title='bbox 811 3097 926 3153; x_wconf 89' lang='lat' dir='ltr'>eundem</span> <span class='ocrx_word' id='word_1_241' title='bbox 941 3102 1052 3153; x_wconf 84' lang='lat' dir='ltr'>seruant</span> <span class='ocrx_word' id='word_1_242' title='bbox 1066 3095 1155 3152; x_wconf 82' lang='lat' dir='ltr'>ritunr.</span> <span class='ocrx_word' id='word_1_243' title='bbox 1184 3090 1259 3151; x_wconf 81' lang='lat' dir='ltr'>Duas</span> <span class='ocrx_word' id='word_1_244' title='bbox 1272 3099 1373 3149; x_wconf 83' lang='lat' dir='ltr'>tantum</span> 
     </span>
     <span class='ocr_line' id='line_1_29' title="bbox 61 3176 1392 3253; baseline -0.002 -16"><span class='ocrx_word' id='word_1_245' title='bbox 61 3176 239 3237; x_wconf 82' lang='lat' dir='ltr'>exscribimus</span> <span class='ocrx_word' id='word_1_246' title='bbox 256 3176 410 3248; x_wconf 79' lang='lat' dir='ltr'>collectas,</span> <span class='ocrx_word' id='word_1_247' title='bbox 425 3181 579 3235; x_wconf 72' lang='lat' dir='ltr'>ueneranda</span> <span class='ocrx_word' id='word_1_248' title='bbox 595 3182 752 3253; x_wconf 85' lang='lat' dir='ltr'>antiquitate</span> <span class='ocrx_word' id='word_1_249' title='bbox 767 3183 903 3253; x_wconf 77' lang='lat' dir='ltr'>insignes:</span> <span class='ocrx_word' id='word_1_250' title='bbox 918 3189 980 3238; x_wconf 89' lang='lat' dir='ltr'>sunt</span> <span class='ocrx_word' id='word_1_251' title='bbox 995 3181 1065 3237; x_wconf 85' lang='lat' dir='ltr'>euim</span> <span class='ocrx_word' id='word_1_252' title='bbox 1076 3177 1286 3237; x_wconf 78' lang='lat' dir='ltr'>sacramentarii</span> <span class='ocrx_word' id='word_1_253' title='bbox 1294 3176 1372 3234; x_wconf 83' lang='lat' dir='ltr'>oeta·</span> <span class='ocrx_word' id='word_1_254' title='bbox 1390 3197 1392 3200; x_wconf 51' lang='lat'><em>⁴</em></span> 
     </span>
     <span class='ocr_line' id='line_1_30' title="bbox 60 3262 1374 3341; baseline -0.001 -20"><span class='ocrx_word' id='word_1_255' title='bbox 60 3264 131 3322; x_wconf 80' lang='lat' dir='ltr'>siam</span> <span class='ocrx_word' id='word_1_256' title='bbox 145 3265 254 3334; x_wconf 66' lang='lat' dir='ltr'>„nem</span> <span class='ocrx_word' id='word_1_257' title='bbox 272 3262 315 3319; x_wconf 85' lang='lat' dir='ltr'>oui</span> <span class='ocrx_word' id='word_1_258' title='bbox 329 3263 420 3319; x_wconf 83' lang='lat' dir='ltr'>amnia</span> <span class='ocrx_word' id='word_1_259' title='bbox 435 3263 527 3320; x_wconf 82' lang='lat' dir='ltr'>vivant</span> <span class='ocrx_word' id='word_1_260' title='bbox 543 3272 570 3320; x_wconf 88' lang='lat' dir='ltr'>et</span> <span class='ocrx_word' id='word_1_261' title='bbox 584 3264 630 3319; x_wconf 88' lang='lat' dir='ltr'>eui</span> <span class='ocrx_word' id='word_1_262' title='bbox 642 3281 697 3321; x_wconf 87' lang='lat' dir='ltr'>non</span> <span class='ocrx_word' id='word_1_263' title='bbox 712 3273 827 3341; x_wconf 84' lang='lat' dir='ltr'>pereupt</span> <span class='ocrx_word' id='word_1_264' title='bbox 841 3266 984 3323; x_wconf 88' lang='lat' dir='ltr'>moriendo</span> <span class='ocrx_word' id='word_1_265' title='bbox 998 3281 1116 3338; x_wconf 90' lang='lat' dir='ltr'>corpora</span> <span class='ocrx_word' id='word_1_266' title='bbox 1132 3270 1237 3334; x_wconf 87' lang='lat' dir='ltr'>nostra,</span> <span class='ocrx_word' id='word_1_267' title='bbox 1252 3263 1303 3319; x_wconf 88' lang='lat' dir='ltr'>sed</span> <span class='ocrx_word' id='word_1_268' title='bbox 1318 3280 1374 3320; x_wconf 84' lang='lat' dir='ltr'>mu·</span> 
     </span>
     <span class='ocr_line' id='line_1_31' title="bbox 58 3347 1374 3423; baseline -0.002 -17"><span class='ocrx_word' id='word_1_269' title='bbox 58 3357 148 3406; x_wconf 82' lang='lat' dir='ltr'>tantum</span> <span class='ocrx_word' id='word_1_270' title='bbox 161 3348 189 3404; x_wconf 90' lang='lat' dir='ltr'>in</span> <span class='ocrx_word' id='word_1_271' title='bbox 204 3347 313 3404; x_wconf 88' lang='lat' dir='ltr'>melius:</span> <span class='ocrx_word' id='word_1_272' title='bbox 333 3354 360 3403; x_wconf 90' lang='lat' dir='ltr'>te</span> <span class='ocrx_word' id='word_1_273' title='bbox 375 3349 511 3419; x_wconf 90' lang='lat' dir='ltr'>supplices</span> <span class='ocrx_word' id='word_1_274' title='bbox 527 3365 687 3420; x_wconf 78' lang='lat' dir='ltr'>exoramm,</span> <span class='ocrx_word' id='word_1_275' title='bbox 703 3359 732 3406; x_wconf 95' lang='lat' dir='ltr'>ut</span> <span class='ocrx_word' id='word_1_276' title='bbox 746 3351 873 3423; x_wconf 79' lang='lat' dir='ltr'>quidquid</span> <span class='ocrx_word' id='word_1_277' title='bbox 888 3351 973 3405; x_wconf 90' lang='lat' dir='ltr'>anima</span> <span class='ocrx_word' id='word_1_278' title='bbox 990 3351 1081 3405; x_wconf 85' lang='lat' dir='ltr'>famuli</span> <span class='ocrx_word' id='word_1_279' title='bbox 1095 3350 1133 3406; x_wconf 88' lang='lat' dir='ltr'>tui</span> <span class='ocrx_word' id='word_1_280' title='bbox 1147 3349 1289 3419; x_wconf 90' lang='lat' dir='ltr'>vitiorum,</span> <span class='ocrx_word' id='word_1_281' title='bbox 1311 3354 1374 3404; x_wconf 84' lang='lat' dir='ltr'>tuae</span> 
     </span>
     <span class='ocr_line' id='line_1_32' title="bbox 59 3432 1377 3511; baseline -0.002 -20"><span class='ocrx_word' id='word_1_282' title='bbox 59 3433 192 3492; x_wconf 85' lang='lat' dir='ltr'>voluntati</span> <span class='ocrx_word' id='word_1_283' title='bbox 208 3433 383 3502; x_wconf 88' lang='lat' dir='ltr'>contrarium,</span> <span class='ocrx_word' id='word_1_284' title='bbox 398 3433 509 3489; x_wconf 90' lang='lat' dir='ltr'>lallente</span> <span class='ocrx_word' id='word_1_285' title='bbox 524 3433 637 3489; x_wconf 91' lang='lat' dir='ltr'>diabole</span> <span class='ocrx_word' id='word_1_286' title='bbox 651 3441 679 3489; x_wconf 92' lang='lat' dir='ltr'>et</span> <span class='ocrx_word' id='word_1_287' title='bbox 693 3436 804 3507; x_wconf 89' lang='lat' dir='ltr'>propria</span> <span class='ocrx_word' id='word_1_288' title='bbox 816 3435 960 3511; x_wconf 18' lang='lat' dir='ltr'>&#39;iniquitate</span> <span class='ocrx_word' id='word_1_289' title='bbox 970 3441 1051 3504; x_wconf 88' lang='lat' dir='ltr'>atque</span> <span class='ocrx_word' id='word_1_290' title='bbox 1063 3432 1212 3502; x_wconf 87' lang='lat' dir='ltr'>fragilitate</span> <span class='ocrx_word' id='word_1_291' title='bbox 1224 3433 1377 3503; x_wconf 74' lang='lat' dir='ltr'>contraxit,</span> 
     </span>
     <span class='ocr_line' id='line_1_33' title="bbox 59 3515 1373 3592; baseline -0.002 -17"><span class='ocrx_word' id='word_1_292' title='bbox 59 3526 88 3576; x_wconf 89' lang='lat' dir='ltr'>tu</span> <span class='ocrx_word' id='word_1_293' title='bbox 103 3517 162 3590; x_wconf 91' lang='lat' dir='ltr'>pius</span> <span class='ocrx_word' id='word_1_294' title='bbox 178 3523 206 3570; x_wconf 91' lang='lat' dir='ltr'>et</span> <span class='ocrx_word' id='word_1_295' title='bbox 221 3515 377 3572; x_wconf 84' lang='lat' dir='ltr'>misericors</span> <span class='ocrx_word' id='word_1_296' title='bbox 392 3517 486 3573; x_wconf 89' lang='lat' dir='ltr'>abluas</span> <span class='ocrx_word' id='word_1_297' title='bbox 501 3517 678 3589; x_wconf 88' lang='lat' dir='ltr'>indulgendo,</span> <span class='ocrx_word' id='word_1_298' title='bbox 693 3536 805 3592; x_wconf 89' lang='lat' dir='ltr'>eamque</span> <span class='ocrx_word' id='word_1_299' title='bbox 820 3518 921 3590; x_wconf 87' lang='lat' dir='ltr'>suscipi</span> <span class='ocrx_word' id='word_1_300' title='bbox 936 3517 1031 3573; x_wconf 84' lang='lat' dir='ltr'>iubeas</span> <span class='ocrx_word' id='word_1_301' title='bbox 1044 3533 1095 3592; x_wconf 87' lang='lat' dir='ltr'>per</span> <span class='ocrx_word' id='word_1_302' title='bbox 1109 3533 1201 3572; x_wconf 87' lang='lat' dir='ltr'>manus</span> <span class='ocrx_word' id='word_1_303' title='bbox 1216 3522 1373 3573; x_wconf 84' lang='lat' dir='ltr'>sanctorum</span> 
     </span>
     <span class='ocr_line' id='line_1_34' title="bbox 58 3599 1369 3682; baseline -0.001 -23"><span class='ocrx_word' id='word_1_304' title='bbox 58 3600 220 3672; x_wconf 89' lang='lat' dir='ltr'>angelorum</span> <span class='ocrx_word' id='word_1_305' title='bbox 242 3607 348 3656; x_wconf 91' lang='lat' dir='ltr'>tuorum</span> <span class='ocrx_word' id='word_1_306' title='bbox 370 3600 555 3658; x_wconf 81' lang='lat' dir='ltr'>deducendam</span> <span class='ocrx_word' id='word_1_307' title='bbox 576 3602 603 3657; x_wconf 91' lang='lat' dir='ltr'>in</span> <span class='ocrx_word' id='word_1_308' title='bbox 623 3603 708 3658; x_wconf 89' lang='lat' dir='ltr'>sinum</span> <span class='ocrx_word' id='word_1_309' title='bbox 723 3604 938 3660; x_wconf 81' lang='lat' dir='ltr'>latriarcharum</span> <span class='ocrx_word' id='word_1_310' title='bbox 953 3610 1077 3682; x_wconf 80' lang='lat' dir='ltr'>tuorum,</span> <span class='ocrx_word' id='word_1_311' title='bbox 1100 3599 1237 3656; x_wconf 76' lang='lat' dir='ltr'>Abrabam</span> <span class='ocrx_word' id='word_1_312' title='bbox 1252 3601 1369 3674; x_wconf 78' lang='lat' dir='ltr'>scincet,</span> 
     </span>
     <span class='ocr_line' id='line_1_35' title="bbox 58 3684 1369 3759; baseline -0.002 -14"><span class='ocrx_word' id='word_1_313' title='bbox 58 3686 139 3745; x_wconf 75' lang='lat' dir='ltr'>amici</span> <span class='ocrx_word' id='word_1_314' title='bbox 153 3684 202 3755; x_wconf 91' lang='lat' dir='ltr'>tui,</span> <span class='ocrx_word' id='word_1_315' title='bbox 218 3692 245 3740; x_wconf 88' lang='lat' dir='ltr'>et</span> <span class='ocrx_word' id='word_1_316' title='bbox 258 3686 336 3742; x_wconf 81' lang='lat' dir='ltr'>lsaae</span> <span class='ocrx_word' id='word_1_317' title='bbox 350 3686 429 3742; x_wconf 84' lang='lat' dir='ltr'>electi</span> <span class='ocrx_word' id='word_1_318' title='bbox 444 3687 484 3742; x_wconf 91' lang='lat' dir='ltr'>tui</span> <span class='ocrx_word' id='word_1_319' title='bbox 497 3693 525 3742; x_wconf 81' lang='lat' dir='ltr'>et</span> <span class='ocrx_word' id='word_1_320' title='bbox 539 3687 621 3743; x_wconf 80' lang='lat' dir='ltr'>laceb</span> <span class='ocrx_word' id='word_1_321' title='bbox 637 3687 728 3745; x_wconf 90' lang='lat' dir='ltr'>dilecti</span> <span class='ocrx_word' id='word_1_322' title='bbox 742 3689 790 3759; x_wconf 89' lang='lat' dir='ltr'>tui,</span> <span class='ocrx_word' id='word_1_323' title='bbox 806 3689 852 3744; x_wconf 90' lang='lat' dir='ltr'>ubi</span> <span class='ocrx_word' id='word_1_324' title='bbox 865 3704 921 3743; x_wconf 90' lang='lat' dir='ltr'>non</span> <span class='ocrx_word' id='word_1_325' title='bbox 931 3694 974 3743; x_wconf 89' lang='lat' dir='ltr'>est</span> <span class='ocrx_word' id='word_1_326' title='bbox 986 3687 1077 3756; x_wconf 85' lang='lat' dir='ltr'>dolor,</span> <span class='ocrx_word' id='word_1_327' title='bbox 1090 3700 1178 3758; x_wconf 85' lang='lat' dir='ltr'>nequa</span> <span class='ocrx_word' id='word_1_328' title='bbox 1189 3685 1308 3757; x_wconf 79' lang='lat' dir='ltr'>tristitia,</span> <span class='ocrx_word' id='word_1_329' title='bbox 1320 3705 1369 3744; x_wconf 88' lang='lat' dir='ltr'>ne-</span> 
     </span>
     <span class='ocr_line' id='line_1_36' title="bbox 58 3731 1368 3845; baseline 0 -17"><span class='ocrx_word' id='word_1_330' title='bbox 58 3788 110 3845; x_wconf 87' lang='lat' dir='ltr'>que</span> <span class='ocrx_word' id='word_1_331' title='bbox 125 3770 293 3842; x_wconf 58' lang='grc' dir='ltr'>ιιιειιίιιιιιι7</span> <span class='ocrx_word' id='word_1_332' title='bbox 290 3770 349 3826; x_wconf 88' lang='lat' dir='ltr'>scd</span> <span class='ocrx_word' id='word_1_333' title='bbox 365 3771 410 3827; x_wconf 87' lang='lat' dir='ltr'>ubi</span> <span class='ocrx_word' id='word_1_334' title='bbox 425 3771 552 3828; x_wconf 74' lang='lat' dir='ltr'>bdelium</span> <span class='ocrx_word' id='word_1_335' title='bbox 559 3772 662 3828; x_wconf 81' lang='lat' dir='ltr'>animae</span> <span class='ocrx_word' id='word_1_336' title='bbox 677 3773 752 3829; x_wconf 90' lang='lat' dir='ltr'>lelici</span> <span class='ocrx_word' id='word_1_337' title='bbox 766 3731 931 3830; x_wconf 81' lang='lat' dir='ltr'>iuicnnditate</span> <span class='ocrx_word' id='word_1_338' title='bbox 945 3773 1089 3841; x_wconf 85' lang='lat' dir='ltr'>laetantur,</span> <span class='ocrx_word' id='word_1_339' title='bbox 1101 3776 1129 3827; x_wconf 80' lang='lat' dir='ltr'>et</span> <span class='ocrx_word' id='word_1_340' title='bbox 1139 3778 1167 3826; x_wconf 85' lang='grc' dir='ltr'>ιι</span> <span class='ocrx_word' id='word_1_341' title='bbox 1178 3771 1206 3827; x_wconf 93' lang='lat' dir='ltr'>in</span> <span class='ocrx_word' id='word_1_342' title='bbox 1218 3772 1368 3829; x_wconf 84' lang='lat' dir='ltr'>novissima</span> 
     </span>
     <span class='ocr_line' id='line_1_37' title="bbox 57 3855 1368 3953; baseline -0.002 -40"><span class='ocrx_word' id='word_1_343' title='bbox 57 3856 149 3928; x_wconf 87' lang='lat' dir='ltr'>magni</span> <span class='ocrx_word' id='word_1_344' title='bbox 172 3855 266 3911; x_wconf 88' lang='lat' dir='ltr'>iudicii</span> <span class='ocrx_word' id='word_1_345' title='bbox 288 3855 334 3910; x_wconf 87' lang='lat' dir='ltr'>die</span> <span class='ocrx_word' id='word_1_346' title='bbox 355 3855 427 3914; x_wconf 89' lang='lat' dir='ltr'>iuter</span> <span class='ocrx_word' id='word_1_347' title='bbox 448 3865 559 3914; x_wconf 84' lang='lat' dir='ltr'>sanctos</span> <span class='ocrx_word' id='word_1_348' title='bbox 584 3864 611 3913; x_wconf 91' lang='lat' dir='ltr'>et</span> <span class='ocrx_word' id='word_1_349' title='bbox 630 3858 735 3915; x_wconf 87' lang='lat' dir='ltr'>electos</span> <span class='ocrx_word' id='word_1_350' title='bbox 756 3875 816 3915; x_wconf 89' lang='lat' dir='ltr'>eum</span> <span class='ocrx_word' id='word_1_351' title='bbox 837 3858 922 3914; x_wconf 89' lang='lat' dir='ltr'>iacias</span> <span class='ocrx_word' id='word_1_352' title='bbox 936 3863 1085 3953; x_wconf 84' lang='lat' dir='ltr'>perpetuae</span> <span class='ocrx_word' id='word_1_353' title='bbox 1102 3855 1246 3928; x_wconf 86' lang='lat' dir='ltr'>percipere</span> <span class='ocrx_word' id='word_1_354' title='bbox 1260 3855 1368 3927; x_wconf 83' lang='lat' dir='ltr'>gloriae</span> 
     </span>
     <span class='ocr_line' id='line_1_38' title="bbox 57 3939 1365 4015; baseline -0.002 -18"><span class='ocrx_word' id='word_1_355' title='bbox 57 3940 230 4015; x_wconf 87' lang='lat' dir='ltr'>portionem,</span> <span class='ocrx_word' id='word_1_356' title='bbox 252 3956 330 4012; x_wconf 91' lang='lat' dir='ltr'>quam</span> <span class='ocrx_word' id='word_1_357' title='bbox 352 3942 446 3997; x_wconf 89' lang='lat' dir='ltr'>oculus</span> <span class='ocrx_word' id='word_1_358' title='bbox 461 3958 515 3998; x_wconf 93' lang='lat' dir='ltr'>non</span> <span class='ocrx_word' id='word_1_359' title='bbox 531 3942 614 4013; x_wconf 88' lang='lat' dir='ltr'>vidit,</span> <span class='ocrx_word' id='word_1_360' title='bbox 637 3960 687 4000; x_wconf 89' lang='lat' dir='ltr'>uec</span> <span class='ocrx_word' id='word_1_361' title='bbox 702 3943 775 4000; x_wconf 88' lang='lat' dir='ltr'>auris</span> <span class='ocrx_word' id='word_1_362' title='bbox 789 3942 909 4014; x_wconf 82' lang='lat' dir='ltr'>audivit,</span> <span class='ocrx_word' id='word_1_363' title='bbox 932 3959 982 3998; x_wconf 89' lang='lat' dir='ltr'>nec</span> <span class='ocrx_word' id='word_1_364' title='bbox 995 3941 1022 3997; x_wconf 89' lang='lat' dir='ltr'>in</span> <span class='ocrx_word' id='word_1_365' title='bbox 1037 3957 1086 3997; x_wconf 89' lang='lat' dir='ltr'>eor</span> <span class='ocrx_word' id='word_1_366' title='bbox 1102 3940 1219 3997; x_wconf 90' lang='lat' dir='ltr'>bominis</span> <span class='ocrx_word' id='word_1_367' title='bbox 1234 3939 1365 4008; x_wconf 86' lang='lat' dir='ltr'>ascendit,</span> 
     </span>
     <span class='ocr_line' id='line_1_39' title="bbox 58 3984 1364 4100; baseline -0.003 -18"><span class='ocrx_word' id='word_1_368' title='bbox 58 4043 136 4100; x_wconf 91' lang='lat' dir='ltr'>quam</span> <span class='ocrx_word' id='word_1_369' title='bbox 148 4025 251 4098; x_wconf 83' lang='lat' dir='ltr'>parasti</span> <span class='ocrx_word' id='word_1_370' title='bbox 266 4022 442 4094; x_wconf 81' lang='lat' dir='ltr'>diligentibus</span> <span class='ocrx_word' id='word_1_371' title='bbox 458 4033 494 4087; x_wconf 89' lang='lat' dir='ltr'>te</span> <span class='ocrx_word' id='word_1_372' title='bbox 524 4021 666 4088; x_wconf 83' lang='lat' dir='ltr'>Per.“—</span> <span class='ocrx_word' id='word_1_373' title='bbox 681 4029 750 4099; x_wconf 69' lang='lat' dir='ltr'>„lde</span> <span class='ocrx_word' id='word_1_374' title='bbox 765 3984 966 4085; x_wconf 83' lang='lat' dir='ltr'>recordationis</span> <span class='ocrx_word' id='word_1_375' title='bbox 981 4022 1094 4096; x_wconf 84' lang='lat' dir='ltr'>ellectu,</span> <span class='ocrx_word' id='word_1_376' title='bbox 1110 4025 1210 4082; x_wconf 86' lang='lat' dir='ltr'>iratres</span> <span class='ocrx_word' id='word_1_377' title='bbox 1223 4023 1364 4095; x_wconf 77' lang='lat' dir='ltr'>camesimi,</span> 
     </span>
     <span class='ocr_line' id='line_1_40' title="bbox 57 4068 1366 4189; baseline -0.003 -23"><span class='ocrx_word' id='word_1_378' title='bbox 57 4111 339 4166; x_wconf 83' lang='lat' dir='ltr'>commemorationem</span> <span class='ocrx_word' id='word_1_379' title='bbox 357 4109 557 4168; x_wconf 82' lang='lat' dir='ltr'>iaciamuscari</span> <span class='ocrx_word' id='word_1_380' title='bbox 569 4113 657 4169; x_wconf 87' lang='lat' dir='ltr'>nostri</span> <span class='ocrx_word' id='word_1_381' title='bbox 669 4071 710 4169; x_wconf 85' lang='lat' dir='ltr'>lii.</span> <span class='ocrx_word' id='word_1_382' title='bbox 725 4128 803 4186; x_wconf 86' lang='lat' dir='ltr'>quem</span> <span class='ocrx_word' id='word_1_383' title='bbox 816 4114 944 4169; x_wconf 86' lang='lat' dir='ltr'>Dominus</span> <span class='ocrx_word' id='word_1_384' title='bbox 956 4111 990 4168; x_wconf 90' lang='lat' dir='ltr'>de</span> <span class='ocrx_word' id='word_1_385' title='bbox 1003 4068 1198 4189; x_wconf 85' lang='lat' dir='ltr'>tentationibus</span> <span class='ocrx_word' id='word_1_386' title='bbox 1211 4106 1294 4165; x_wconf 85' lang='lat' dir='ltr'>buius</span> <span class='ocrx_word' id='word_1_387' title='bbox 1303 4121 1366 4164; x_wconf 87' lang='lat' dir='ltr'>sae-</span> 
     </span>
     <span class='ocr_line' id='line_1_41' title="bbox 57 4192 1365 4270; baseline -0.003 -18"><span class='ocrx_word' id='word_1_388' title='bbox 57 4194 111 4252; x_wconf 89' lang='lat' dir='ltr'>euli</span> <span class='ocrx_word' id='word_1_389' title='bbox 131 4193 295 4266; x_wconf 84' lang='lat' dir='ltr'>adsumpsit3</span> <span class='ocrx_word' id='word_1_390' title='bbox 319 4195 497 4251; x_wconf 89' lang='lat' dir='ltr'>obsecrantes</span> <span class='ocrx_word' id='word_1_391' title='bbox 520 4197 734 4255; x_wconf 90' lang='lat' dir='ltr'>misericordiam</span> <span class='ocrx_word' id='word_1_392' title='bbox 748 4199 798 4253; x_wconf 87' lang='lat' dir='ltr'>Dei</span> <span class='ocrx_word' id='word_1_393' title='bbox 820 4198 923 4268; x_wconf 87' lang='lat' dir='ltr'>nostri,</span> <span class='ocrx_word' id='word_1_394' title='bbox 944 4204 973 4255; x_wconf 91' lang='lat' dir='ltr'>ut</span> <span class='ocrx_word' id='word_1_395' title='bbox 987 4197 1045 4270; x_wconf 90' lang='lat' dir='ltr'>ipse</span> <span class='ocrx_word' id='word_1_396' title='bbox 1062 4197 1088 4251; x_wconf 92' lang='lat' dir='ltr'>ei</span> <span class='ocrx_word' id='word_1_397' title='bbox 1102 4195 1222 4251; x_wconf 88' lang='lat' dir='ltr'>tribuere</span> <span class='ocrx_word' id='word_1_398' title='bbox 1238 4192 1365 4262; x_wconf 76' lang='lat' dir='ltr'>dignetur</span> 
     </span>
     <span class='ocr_line' id='line_1_42' title="bbox 55 4277 1365 4354; baseline -0.002 -18"><span class='ocrx_word' id='word_1_399' title='bbox 55 4279 189 4354; x_wconf 87' lang='lat' dir='ltr'>placidam</span> <span class='ocrx_word' id='word_1_400' title='bbox 202 4287 230 4336; x_wconf 87' lang='lat' dir='ltr'>et</span> <span class='ocrx_word' id='word_1_401' title='bbox 244 4280 361 4352; x_wconf 88' lang='lat' dir='ltr'>quietam</span> <span class='ocrx_word' id='word_1_402' title='bbox 376 4281 551 4353; x_wconf 87' lang='lat' dir='ltr'>mansionem,</span> <span class='ocrx_word' id='word_1_403' title='bbox 566 4283 686 4339; x_wconf 88' lang='lat' dir='ltr'>remittat</span> <span class='ocrx_word' id='word_1_404' title='bbox 700 4299 795 4340; x_wconf 88' lang='lat' dir='ltr'>omnes</span> <span class='ocrx_word' id='word_1_405' title='bbox 808 4282 930 4338; x_wconf 90' lang='lat' dir='ltr'>lubricae</span> <span class='ocrx_word' id='word_1_406' title='bbox 941 4281 1100 4338; x_wconf 88' lang='lat' dir='ltr'>temeritatis</span> <span class='ocrx_word' id='word_1_407' title='bbox 1111 4277 1244 4335; x_wconf 78' lang='lat' dir='ltr'>offensas:</span> <span class='ocrx_word' id='word_1_408' title='bbox 1257 4282 1287 4333; x_wconf 86' lang='lat' dir='ltr'>ut</span> <span class='ocrx_word' id='word_1_409' title='bbox 1297 4293 1365 4334; x_wconf 88' lang='lat' dir='ltr'>eon-</span> 
     </span>
     <span class='ocr_line' id='line_1_43' title="bbox 55 4361 1364 4440; baseline -0.004 -18"><span class='ocrx_word' id='word_1_410' title='bbox 55 4380 134 4422; x_wconf 87' lang='lat' dir='ltr'>cessa</span> <span class='ocrx_word' id='word_1_411' title='bbox 150 4363 230 4420; x_wconf 84' lang='lat' dir='ltr'>venia</span> <span class='ocrx_word' id='word_1_412' title='bbox 243 4365 341 4437; x_wconf 88' lang='lat' dir='ltr'>plenae</span> <span class='ocrx_word' id='word_1_413' title='bbox 355 4364 558 4436; x_wconf 83' lang='lat' dir='ltr'>indulgentiae,</span> <span class='ocrx_word' id='word_1_414' title='bbox 579 4367 706 4440; x_wconf 89' lang='lat' dir='ltr'>quiequid</span> <span class='ocrx_word' id='word_1_415' title='bbox 718 4371 746 4423; x_wconf 85' lang='lat' dir='ltr'>in</span> <span class='ocrx_word' id='word_1_416' title='bbox 761 4369 815 4424; x_wconf 90' lang='lat' dir='ltr'>boo</span> <span class='ocrx_word' id='word_1_417' title='bbox 829 4368 939 4425; x_wconf 83' lang='lat' dir='ltr'>saeculo</span> <span class='ocrx_word' id='word_1_418' title='bbox 952 4366 1080 4440; x_wconf 89' lang='lat' dir='ltr'>proprius</span> <span class='ocrx_word' id='word_1_419' title='bbox 1096 4378 1175 4420; x_wconf 83' lang='lat' dir='ltr'>error</span> <span class='ocrx_word' id='word_1_420' title='bbox 1190 4361 1297 4434; x_wconf 83' lang='lat' dir='ltr'>attulit,</span> <span class='ocrx_word' id='word_1_421' title='bbox 1319 4370 1364 4419; x_wconf 94' lang='lat' dir='ltr'>to-</span> 
     </span>
     <span class='ocr_line' id='line_1_44' title="bbox 54 4447 861 4527; baseline 0.004 -20"><span class='ocrx_word' id='word_1_422' title='bbox 54 4458 110 4507; x_wconf 92' lang='lat' dir='ltr'>tum</span> <span class='ocrx_word' id='word_1_423' title='bbox 122 4447 253 4505; x_wconf 74' lang='lat' dir='ltr'>ineffabili</span> <span class='ocrx_word' id='word_1_424' title='bbox 268 4452 371 4522; x_wconf 87' lang='lat' dir='ltr'>pietate</span> <span class='ocrx_word' id='word_1_425' title='bbox 386 4459 414 4508; x_wconf 85' lang='lat' dir='ltr'>ct</span> <span class='ocrx_word' id='word_1_426' title='bbox 428 4451 597 4522; x_wconf 84' lang='lat' dir='ltr'>benignitate</span> <span class='ocrx_word' id='word_1_427' title='bbox 610 4468 658 4509; x_wconf 84' lang='lat' dir='ltr'>sua</span> <span class='ocrx_word' id='word_1_428' title='bbox 673 4459 839 4527; x_wconf 85' lang='lat' dir='ltr'>compenset.</span> <span class='ocrx_word' id='word_1_429' title='bbox 842 4454 861 4484; x_wconf 85' lang='lat'>‘⁴</span> 
     </span>
    </p>

    <p class='ocr_par' dir='ltr' id='par_1_11' title="bbox 114 4532 1362 4626">
     <span class='ocr_line' id='line_1_45' title="bbox 114 4532 1362 4626; baseline -0.006 -36"><span class='ocrx_word' id='word_1_430' title='bbox 114 4532 145 4609; x_wconf 76' lang='lat'>3)</span> <span class='ocrx_word' id='word_1_431' title='bbox 161 4533 344 4594; x_wconf 81' lang='lat' dir='ltr'>Bnlullardas.</span> <span class='ocrx_word' id='word_1_432' title='bbox 359 4535 541 4594; x_wconf 71' lang='lat' dir='ltr'>communiter</span> <span class='ocrx_word' id='word_1_433' title='bbox 555 4537 717 4610; x_wconf 77' lang='lat' dir='ltr'>intelligitur</span> <span class='ocrx_word' id='word_1_434' title='bbox 726 4547 790 4626; x_wconf 88' lang='lat' dir='ltr'>aute</span> <span class='ocrx_word' id='word_1_435' title='bbox 802 4538 977 4611; x_wconf 82' lang='lat' dir='ltr'>septennium.</span> <span class='ocrx_word' id='word_1_436' title='bbox 995 4534 1060 4591; x_wconf 86' lang='lat' dir='ltr'>nari</span> <span class='ocrx_word' id='word_1_437' title='bbox 1071 4538 1160 4589; x_wconf 83' lang='lat' dir='ltr'>tamen</span> <span class='ocrx_word' id='word_1_438' title='bbox 1172 4536 1263 4604; x_wconf 85' lang='lat' dir='ltr'>potest</span> <span class='ocrx_word' id='word_1_439' title='bbox 1274 4544 1362 4599; x_wconf 83' lang='lat' dir='ltr'>casus,</span> 
     </span>
    </p>

    <p class='ocr_par' dir='ltr' id='par_1_12' title="bbox 10 4619 1166 4735">
     <span class='ocr_line' id='line_1_46' title="bbox 10 4619 1166 4735; baseline 0.006 -60"><span class='ocrx_word' id='word_1_440' title='bbox 10 4621 12 4623; x_wconf 81' lang='grc'><strong>’</strong></span> <span class='ocrx_word' id='word_1_441' title='bbox 52 4622 81 4676; x_wconf 92' lang='lat' dir='ltr'>in</span> <span class='ocrx_word' id='word_1_442' title='bbox 95 4632 151 4691; x_wconf 86' lang='lat' dir='ltr'>qao</span> <span class='ocrx_word' id='word_1_443' title='bbox 164 4619 404 4693; x_wconf 76' lang='lat' dir='ltr'>malitiamppleat</span> <span class='ocrx_word' id='word_1_444' title='bbox 418 4628 542 4680; x_wconf 77' lang='lat' dir='ltr'>aetatem.</span> <span class='ocrx_word' id='word_1_445' title='bbox 1151 4697 1166 4735; x_wconf 30' lang='grc' dir='ltr'><em>ῃ</em></span> 
     </span>
    </p>
   </div>
   <div class='ocr_carea' id='block_1_9' title="bbox 0 0 1606 5176">
    <p class='ocr_par' dir='ltr' id='par_1_13' title="bbox 0 0 1606 5176">
     <span class='ocr_line' id='line_1_47' title="bbox 0 0 1606 5176; baseline 0 6"><span class='ocrx_word' id='word_1_446' title='bbox 0 0 1606 5176; x_wconf 95' lang='lat' dir='ltr'> </span> 
     </span>
    </p>
   </div>
  </div>
 </body>
</html>
