3202 5176
693 354 768 425 863

165 531 340 606 Exorcino
372 544 408 607 te
440 543 598 606 creatura
630 537 774 627 salis,
765 560 799 608 m
828 543 966 610 nomine
999 540 1136 611 Domini
1164 546 1273 615 nostri
1304 542 1382 616 lesu

62 634 210 723 Christi,
237 638 296 727 qui
321 636 503 731 Apostolis
529 640 600 710 suis
622 641 686 728 ait,
713 639 788 714 Vos
811 644 895 715 estis
922 643 973 715 sal
995 651 1122 731 terrae,
1150 654 1184 715 et
1205 667 1268 740 per
1286 645 1383 739 Apo-

60 735 187 810 stolum
214 736 314 826 dicit,
337 737 465 811 Sermo
484 749 604 813 vester
628 763 766 837 semper
791 747 956 836 ingratia
984 745 1057 816 sale
1084 748 1127 817 sit
1149 747 1324 834 conditus,
1339 756 1385 819 nt

60 836 342 932 sanctificeris
371 839 414 910 ad
442 845 740 916 consecrationem
768 845 867 918 huius
894 845 1074 920 Ecclesiae
1102 858 1136 917 et
1157 847 1307 959 Altaris,
1340 847 1383 918 ad

61 939 293 1034 expellendas
317 963 437 1015 omnes
459 942 674 1017 daemonum
698 950 905 1020 tentationes
936 959 970 1019 et
1003 948 1158 1023 omnibus
1192 954 1249 1044 qui
1275 972 1321 1019 ex
1347 959 1382 1020 te

60 1045 256 1131 sumserint,
278 1044 327 1117 sis
358 1047 491 1116 animae
515 1055 549 1116 et
575 1050 732 1143 corporis
755 1056 977 1120 tutamentum
998 1060 1032 1120 et
1051 1054 1191 1141 sanitas,
1213 1053 1382 1147 protectio

61 1147 100 1214 ot
116 1143 327 1215 confirmatio
350 1145 477 1220 salutis
525 1147 592 1219 Per
619 1149 775 1220 eundem.
819 1156 861 1243 ιι
887 1152 1010 1223 Amen.
1022 1149 1054 1248 1)

163 1254 278 1315 Deinde
295 1255 431 1335 deposita
446 1259 629 1321 mitradioit:
652 1251 819 1385 Dominus
842 1254 1060 1354 Vobiscum
1079 1260 1121 1347 ιι.
1146 1253 1190 1325 Et
1214 1276 1291 1328 oum
1314 1256 1381 1348 spi-

59 1349 127 1418 ritu
151 1356 222 1419 tuo.

103 1451 308 1522 oremus
357 1451 504 1522 Domine
531 1453 640 1541 Dens,
658 1454 770 1525 Pater
793 1459 1021 1568 omnipotens,
1045 1461 1102 1576 ιιι
1126 1457 1214 1527 banc
1237 1460 1380 1548 gratiam
1490 1531 1497 1545 ,

58 1550 206 1623 coelitus
227 1552 292 1624 sali
318 1551 469 1622 tribucre
491 1552 650 1644 dignatus
678 1577 749 1642 es,
755 1566 791 1625 ut
812 1562 858 1625 ex
880 1556 940 1626 illo
962 1562 1094 1651 possint
1114 1562 1276 1629 universa
1299 1578 1382 1628 con-

58 1650 123 1722 diri
150 1673 239 1744 quae
264 1651 456 1724 bominibus
478 1653 521 1722 ad
548 1675 662 1726 escam
687 1659 900 1749 procreasti,
926 1655 1016 1726 bene
1041 1658 1069 1749 †
1092 1659 1147 1727 dic
1167 1659 1261 1728 hanc
1284 1680 1381 1729 crea

57 1763 170 1824 turam
186 1749 270 1827 salis
291 1752 335 1822 ad
357 1753 604 1845 elingaudum
594 1758 779 1843 mimicum,
800 1766 834 1826 et
855 1759 885 1826 ei
906 1757 1080 1829 salubrem
1099 1759 1330 1828 medicinam
1321 1781 1382 1827 nn-

57 1856 165 1942 mitte,
186 1864 223 1925 ut
240 1853 396 1949 proficiat
414 1857 625 1931 sumentibus
647 1857 690 1928 ad
712 1859 846 1927 animae
865 1868 900 1929 et
918 1863 1075 1955 corporis
1094 1861 1281 1932 sanitatem.
1314 1859 1382 1929 Per

59 1953 237 2028 Christum
282 1961 325 2048 ιι.
353 1957 476 2028 Amen.
487 1953 523 2054 ²)
1379 1994 1382 1999 ’

161 2066 232 2127 Tum
246 2078 374 2129 assumta
387 2070 471 2130 mitra
485 2068 558 2129 dicit
570 2069 708 2132 absolute
723 2073 918 2132 exorcismum
932 2088 1039 2149 equae:

159 2159 335 2231 Exorcino
361 2170 397 2232 te
419 2171 577 2239 creatura
600 2184 724 2257 aquae,
748 2166 782 2233 in
805 2159 944 2235 nomine
963 2163 1029 2233 Dei
1051 2160 1221 2254 Pa†tris,
1244 2173 1278 2234 ct
1302 2161 1380 2254 ιιι·

58 2264 95 2334 lii
121 2272 155 2332 ct
182 2260 329 2356 Spiritus
347 2263 378 2356 ι
394 2261 520 2335 Sancti
535 2274 573 2337 ut
598 2265 750 2359 repellas
778 2265 950 2336 diabolum
979 2287 999 2335 a
1028 2267 1174 2335 termino
1200 2267 1380 2350 iustorum,

56 2387 102 2435 ne
123 2367 166 2435 sit
189 2368 223 2434 in
244 2362 453 2436 umbraculis
475 2366 575 2438 buius
595 2363 776 2438 Ecclesiae
799 2378 833 2437 et
851 2367 977 2439 altaris.
1015 2367 1059 2436 Et
1079 2377 1116 2436 tu
1136 2365 1282 2439 DomIne
1300 2363 1380 2436 Iesu

58 2463 206 2554 Christe,
231 2465 372 2536 infunde
393 2463 558 2559 Spiritum
581 2464 744 2538 Sanctum
765 2470 800 2537 in
822 2467 910 2537 hanc
928 2466 1122 2539 Ecclesiam
1144 2477 1236 2536 luam
1260 2476 1303 2553 ct„
1316 2464 1378 2535 Αι-

55 2578 144 2654 ture,
170 2577 207 2637 ut
226 2565 382 2660 proficiat
408 2566 452 2637 ad
472 2571 651 2640 sanitatem
680 2589 865 2662 corporum
888 2571 1143 2659 animarumque
1166 2567 1378 2637 adorantium

56 2681 109 2756 te,
139 2679 173 2739 et
205 2668 442 2760 magnificetur
474 2691 601 2740 nomen
632 2679 726 2741 tuum
760 2673 794 2739 in
827 2667 985 2761 gentibus
1018 2679 1053 2740 et
1078 2669 1246 2738 increduli
1273 2666 1379 2737 corde

13 2848 16 2852 ,
55 2779 278 2841 convertatur
304 2771 347 2841 ad
371 2781 408 2842 te
435 2782 469 2843 et
494 2793 564 2843 non
589 2771 736 2843 habeant
761 2772 865 2843 alium
887 2771 1019 2859 Deum,
1042 2780 1179 2865 praeter
1201 2780 1235 2840 te
1262 2769 1380 2838 Domi·
1402 2852 1403 2859 ι

56 2884 152 2942 num
162 2873 287 2962 solum,
319 2877 377 2967 qui
402 2884 570 2946 venturus
588 2896 627 2946 es
649 2873 819 2944 iudicare
815 2876 927 2947 vivos
951 2883 985 2943 et
1005 2883 1160 2944 mortuos
1183 2875 1218 2942 et
1238 2867 1379 2943 saecula

55 2996 119 3068 per
139 2977 263 3066 ignem.
310 2980 353 3069 ιι
377 2976 500 3046 Amen.
510 2971 543 3072 ιι
1266 3010 1269 3014 ·

159 3085 620 3165 Deindedepositamtcralicit;
640 3077 787 3148 Domine
812 3028 939 3148 θιιιιιιιι
966 3031 1156 3147 orationem
1179 3096 1299 3145 meam.
1335 3079 1376 3159 ιι.

54 3176 100 3247 Et
132 3177 263 3246 clamor
280 3198 388 3250 meus
421 3178 464 3248 ml
490 3189 525 3249 te
552 3182 677 3250 veniat
725 3180 891 3251 Dominus
917 3178 1106 3251 vobiscum.
1160 3181 1202 3265 ιι.
1232 3175 1378 3244 Etcum

31 3279 175 3374 ,spiritu
199 3288 267 3348 tuo.

85 3395 88 3399 ’
158 3381 303 3451 Oramus.
358 3379 505 3450 Domine
531 3379 638 3452 Dens
660 3360 759 3473 pater
786 3383 1022 3473 omnipotenS,
1040 3386 1203 3450 statutor
1229 3374 1378 3441 ommam

55 3479 304 3559 elementorum
339 3482 397 3574 qui
425 3503 490 3574 per
516 3479 629 3552 lesum
655 3479 826 3553 Christum
858 3481 962 3549 lilium
989 3488 1082 3548 tumn
1108 3477 1290 3546 Dominum
1316 3478 1378 3544 no-

54 3590 163 3690 strum
188 3580 395 3652 elementum
421 3583 488 3653 boo
515 3591 627 3697 aquae
652 3585 687 3651 in
713 3574 858 3655 salntein
880 3567 1017 3652 humani
1041 3578 1182 3668 generis
1209 3596 1288 3654 esse
1314 3577 1377 3646 ιο-

55 3855 97 3911 ad
112 3853 354 3924 adiuvandum,
371 3854 456 3910 semel
470 3853 613 3911 recitandi.
645 3815 712 3910 Item
728 3852 815 3910 omitti
829 3828 1109 3925 praecipiunthllel
1120 3844 1173 3901 uia
1189 3844 1271 3919 „quia
1287 3830 1373 3900 eccle«

56 3940 105 4004 sia
104 3936 229 3995 nondam
243 3944 286 3994 est
300 3936 395 3993 domus
413 3938 493 3995 Deif‘

126 4024 156 4098 )
126 4023 213 4079 ιι
229 4022 513 4094 perapostolum
532 4023 634 4078 dicit·
654 4020 784 4077 Sitcor
807 4010 1305 4072 restrumsalcoonditum—
1320 4023 1375 4061 ec-

57 4102 201 4164 alesine
216 4108 272 4164 vcl
291 4105 428 4162 altaris.

126 4191 301 4267 ἳιΝιιιιιιιι
322 4191 388 4245 alibi
410 4189 575 4258 investigavi
597 4190 665 4242 banc
681 4185 837 4267 Collectam.
867 4179 985 4237 bbulim
1000 4178 1164 4236 Pontificalis
1179 4175 1296 4242 vestigia
1313 4147 1378 4244 pre·
1433 4202 1437 4213 ·

56 4292 150 4345 mens,
174 4274 312 4347 propriam
334 4272 456 4330 continet
471 4273 705 4328 henedictionem:
732 4267 844 4324 Domine
865 4268 955 4333 Deae,
978 4266 1059 4320 Pater
1074 4261 1245 4330 omnipotens
1260 4256 1376 4312 benedic

56 4361 125 4415 benc
138 4367 290 4415 creaturam
305 4358 383 4428 salis,
398 4357 433 4414 ad
448 4355 642 4434 allegandum
634 4352 768 4408 mimicum
783 4359 810 4407 et
825 4352 851 4406 ei
865 4350 1000 4405 salubrem
1016 4345 1176 4403 medicinam
1191 4341 1337 4397 commisce
1349 4347 1377 4395 ut

55 4445 91 4499 ad
106 4443 212 4499 animae
227 4451 255 4498 et
270 4460 370 4514 corpus
388 4450 417 4498 te
432 4442 590 4498 sumentium
605 4437 731 4510 prollciat
744 4436 893 4491 sanitatem.

125 4515 707 4622 3)lleoolesiae‘-vclaltaris
722 4518 1064 4582 sinebocaltere—
1021 4509 1376 4580 —sanitaticorpo-
1449 4525 1453 4533 ·

56 4611 460 4683 rumanimerumque--
440 4605 815 4677 -Ctmagnillcent-
774 4583 1404 4706 -ὲιοιιιιιιιιιιιιιιιιιιιιιιιιιιιιιιιΙ
