3202 5176
652 1278 925 1368 CAPUT
994 1273 1073 1361 Ill.

334 1534 394 1605 Dc
419 1535 697 1608 Processione
725 1538 765 1603 in
793 1534 919 1603 Feslo
946 1530 1146 1624 Corporis
1171 1527 1416 1627 carleuil).

785 1761 901 1771 ....--.
909 1759 974 1767 ...ο-η

596 1973 658 2043 EX
694 1974 883 2046 lllTUALl
920 1970 1128 2046 ROMANO.

307 2146 457 2209 Deceutcr
476 2160 618 2211 ornentur
633 2152 787 2215 Ecclesiae
804 2166 833 2216 ct
852 2159 980 2236 parietes
996 2157 1127 2228 viarum,
1149 2168 1205 2230 per
1219 2168 1300 2230 quas
1318 2158 1373 2211 est
1390 2159 1523 2212 transeas·

205 2248 284 2325 dum,
299 2250 448 2331 tapetibus
474 2262 503 2312 et
519 2253 629 2315 aulaeis
651 2266 680 2316 et
695 2261 787 2318 sacris
804 2259 993 2336 imaginihus,
1013 2276 1073 2317 non
1094 2262 1190 2316 autem
1210 2252 1360 2332 profanis
1387 2263 1440 2314 aul
1457 2253 1524 2312 ranis

206 2352 321 2431 liguris,
336 2373 389 2414 seu
408 2356 537 2433 indignis
553 2363 743 2419 ornamentis.
785 2361 934 2422 Sacerdos
957 2363 1080 2442 primum
1101 2357 1219 2417 lllissam
1240 2354 1417 2435 celebret,
1436 2357 1464 2415 in
1481 2372 1525 2433 qua

204 2453 275 2515 duas
291 2456 403 2516 hostias
420 2469 592 2537 consecret,
613 2469 643 2520 et
659 2472 751 2523 sumta
768 2483 843 2540 una,
863 2464 985 2524 alteram
1001 2464 1030 2521 in
1046 2457 1268 2521 tabernaculum
1286 2458 1318 2519 in
1336 2457 1524 2520 Processione

204 2556 400 2619 deferendam
412 2563 450 2620 ita
461 2573 597 2642 reponat,
611 2573 641 2622 ut
661 2584 714 2645 per
728 2569 836 2626 vitrum
851 2586 904 2626 sen
921 2564 1101 2642 crystallum,
1118 2581 1176 2642 quo
1191 2562 1292 2640 ipsum
1307 2558 1523 2622 tabernaculum

203 2662 429 2742 circumseptum
445 2683 512 2725 esse
528 2665 628 2743 debet,
646 2671 778 2729 exterius
795 2669 986 2729 adorantibus
1001 2651 1195 2746 apparenti),
1211 2663 1356 2743 veloque
1373 2664 1523 2744 operiatur,

276 2891 304 2963 l)
326 2890 386 2943 Non
399 2898 475 2946 extra
487 2892 663 2950 dubitationis
675 2896 759 2951 aleam
772 2899 891 2969 positam
905 2907 956 2969 est,
970 2898 1043 2970 quod
1067 2893 1207 2971 contendit
1218 2891 1379 2952 Grelserus
1392 2895 1421 2950 in
1433 2894 1526 2950 'lractc
1577 2964 1580 2971 Ι

206 2972 277 3028 tibus
288 2974 323 3028 de
336 2975 560 3032 Processionibus
569 2987 602 3041 ¹et
615 2978 649 3033 de
661 2981 743 3036 Festo
760 2983 891 3052 Corporis
904 2985 1014 3053 Christi,
1030 2979 1268 3059 sollemnissimam
1283 2980 1364 3036 nanc
1381 2976 1526 3053 processio

205 3074 266 3113 nem
285 3059 364 3113 simul
386 3060 519 3131 cumipsu
535 3063 725 3120 festivitatem
744 3068 861 3122 ecclesia
882 3069 1050 3123 celebratam
1065 3082 1137 3126 esse,
1172 3063 1283 3119 llultum
1306 3072 1409 3120 tamen
1425 3061 1525 3119 (landun

205 3150 247 3198 est
258 3152 419 3214 pervetusto
432 3146 587 3202 Direclorio
599 3148 742 3206 Ecclesiae
756 3153 916 3209 leodiensis
928 3154 960 3207 ab
974 3152 1145 3208 llensclrenio
1158 3155 1185 3203 et
1197 3149 1403 3219 Papeltroclrio
1414 3151 1444 3206 in
1455 3149 1524 3204 lucc!

205 3227 290 3295 edito,
300 3228 328 3282 iu
342 3245 395 3299 quo
408 3231 475 3285 haec
488 3232 628 3301 leguntur:
645 3236 790 3304 „Officium
805 3254 872 3293 nou
882 3255 920 3292 ac
932 3235 1122 3293 sollemnitatis
1135 3232 1524 3291 sacrosanctaeEuclraristiae

205 3319 290 3367 totum
303 3312 413 3384 duplex.
426 3346 519 3356 —--
530 3319 708 3375 Postsextam
728 3332 884 3378 remaneant
896 3322 1009 3378 ministri
1028 3320 1121 3375 altaris
1138 3334 1230 3374 omnes
1242 3317 1337 3374 induti
1358 3326 1391 3375 nt
1411 3322 1441 3376 in
1461 3317 1523 3374 llisn

145 3450 149 3457 ,
206 3397 585 3473 luerunt--vadantque
596 3404 696 3475 singuli
718 3407 744 3461 in
763 3423 813 3461 suo
829 3408 937 3465 ordine.
965 3407 1054 3462 Primo
1071 3410 1377 3473 crunnostra,p0sten
1389 3404 1523 3461 Scholara

206 3488 234 3536 et
251 3481 391 3553 Capellani
414 3493 464 3543 etc.
498 3487 614 3543 Tandem
635 3491 709 3567 uenit
728 3493 869 3564 Decanm,
889 3493 933 3563 qui
952 3493 1059 3547 llissam
1079 3487 1243 3555 celebrauit,
1266 3486 1411 3546 deferens
1435 3489 1523 3559 Corptt

207 3566 306 3621 Christi
319 3571 393 3623 etc.“
415 3572 485 3626 Sane
498 3573 565 3627 haec
577 3577 711 3630 sententia
725 3578 927 3632 verosimillima
942 3577 1058 3645 videtur,
1069 3575 1096 3629 iu
1108 3573 1169 3628 aliis
1182 3572 1313 3628 ecclesiis
1324 3574 1523 3646 processionum

206 3651 321 3706 habitam
334 3670 407 3723 esse,
422 3672 457 3709 ex
469 3673 521 3727 quo
538 3659 635 3714 lestum
649 3661 782 3732 Corporis
795 3662 895 3717 Christi
908 3671 1048 3732 receptum
1060 3660 1151 3728 luerit,
1166 3658 1193 3714 in
1205 3657 1267 3712 aliis
1279 3659 1523 3728 postmodum*

206 3734 347 3792 inuectam.
373 3738 498 3794 Ceterum
510 3741 594 3812 longe
606 3753 668 3800 ante
679 3747 753 3802 illius
766 3747 828 3802 lesti
847 3747 1041 3803 institutionem
1054 3749 1249 3800 sacramentum
1261 3741 1289 3796 in
1303 3741 1524 3815 processionum

205 3822 232 3877 in
245 3821 288 3875 dle
302 3823 598 3893 Palmarun1‚inCoe1m
610 3830 717 3885 Domini
730 3839 783 3885 etc.
796 3828 1038 3901 circumgestatum'
1049 3838 1100 3894 est,
1113 3828 1237 3884 Gerbert.
1252 3826 1327 3881 L-A.
1337 3820 1388 3884 ΙΙΙ.
1399 3847 1429 3903 p.
1438 3829 1524 3893 99581·

204 3904 235 3978 2)
248 3907 368 3961 llartene
381 3907 415 3963 de
427 3917 481 3969 ant.
494 3912 566 3965 eccl.
582 3913 649 3968 disc.
663 3933 686 3975 c,
699 3916 799 3970 xxlll:
811 3917 864 3987 'Au
883 3917 971 3971 statim
990 3919 1023 3970 ab
1041 3915 1119 3970 initio
1138 3917 1314 3985 patenter
1338 3911 1442 3970 delata
1460 3906 1526 3967 inerit

204 3990 373 4047 Eucharistia
385 3993 509 4050 dubitare
525 3997 631 4053 videtur
646 4001 665 4055 1.
683 4002 709 4054 Β.
728 4001 867 4055 Tlriersius
885 4001 910 4055 in
923 4001 1055 4070 singulari
1069 4001 1210 4065 Tranium,
1227 4011 1309 4066 quem
1325 3996 1364 4052 de
1383 3998 1436 4055 SS.
1449 3992 1525 4052 aluric

204 4077 372 4133 Sacramenti
383 4081 557 4151 expositione
569 4083 707 4155 inscripsit
720 4087 835 4155 liuns.
848 4086 874 4140 in
886 4103 999 4156 euntque
1015 4083 1170 4156 propendet
1180 4080 1360 4152 seutentiam,
1378 4076 1456 4155 quae
1470 4082 1525 4138 Cur

124 4148 130 4165 '
203 4180 253 4234 pus
268 4164 369 4220 Christi
381 4164 407 4218 in
421 4166 507 4220 culice
519 4183 567 4222 seu
583 4185 647 4222 uase
659 4170 714 4224 alio
726 4171 913 4226 absconditum
925 4172 1097 4241 deportatum
1109 4169 1193 4224 luisse
1204 4165 1334 4223 sustinet.
1360 4170 1471 4225 Verum
1480 4162 1527 4222 use

205 4247 326 4318 opinioni
342 4250 436 4306 obviat
447 4251 582 4322 antiquum
595 4254 702 4308 llissale
719 4256 876 4310 monasterii
891 4255 1069 4312 Fiscamcnsis
1085 4253 1119 4308 ad
1137 4269 1213 4308 usum
1230 4251 1377 4309 ccclesiae
1389 4254 1526 4311 accucu-

204 4328 298 4400 gensis
309 4334 439 4404 scriptum
451 4337 524 4391 circa
539 4337 646 4391 llCCC:
665 4339 691 4392 in
703 4326 757 4408 quo
769 4347 831 4393 ante
844 4339 921 4408 huius
937 4340 991 4395 diei
1008 4339 1115 4394 missam
1129 4335 1347 4409 praemittuntur
1369 4355 1407 4395 ea
1427 4353 1494 4411 quse
1508 4333 1539 4407 ἰιΙ

203 4416 385 4491 precessione
406 4420 458 4474 siut
481 4421 620 4489 canenda,
642 4430 723 4493 atquc
745 4424 772 4478 in
795 4423 881 4494 prima
900 4425 997 4481 initiali
1018 4424 1098 4479 litera
1121 4414 1280 4477 ellormalur
1299 4420 1406 4494 imago
1427 4423 1527 4480 dnorn!

204 4503 427 4575 presbyterorum
444 4507 645 4561 Sacramentum
658 4507 763 4562 invase
778 4509 1059 4577 gestatorio-omniuo
1075 4515 1209 4579 apertum,
1226 4512 1256 4560 ut
1273 4522 1351 4564 nunc
1369 4509 1415 4583 lit,
1429 4513 1527 4582 μείω·

205 4586 280 4645 tium.
293 4618 334 4628 -
351 4589 418 4643 ltem
436 4591 543 4661 appicta
564 4592 726 4648 estllissali
748 4593 951 4663 llelodunensi,
973 4594 1071 4650 eodem
1094 4582 1224 4665 temporc'
1235 4592 1432 4669 conscripto,
1449 4590 1527 4661 imit
