3202 5176
812 327 913 412 Ded

294 521 366 583 Tum
381 520 414 587 C.
433 523 540 602 accipit
557 520 663 582 librum
677 518 907 598 Evangeliorum
921 520 960 580 de
973 519 1100 600 scapulis
1115 516 1288 580 Consecrati
1301 528 1333 580 et
1346 518 1508 582 adiuvanti-

192 624 248 686 bus
261 624 356 705 ipsum
363 622 844 705 Episcopisdesistentibus'tradit
857 641 923 684 eum
935 621 1063 684 clausum
1072 618 1267 697 (lomentum,
1279 624 1414 699 tangenti
1425 623 1507 684 ilium

192 729 258 788 eine
276 728 432 806 apertione
446 724 712 787 manuumdicens:
738 715 872 809 Accipe
897 713 1126 806 Evangelium
1154 723 1188 785 ed
1213 714 1322 804 vade,
1344 716 1507 810 praedica

161 822 163 829 ’
191 819 321 915 populo
347 818 408 889 tihi
430 820 633 890 commisso:
655 826 778 910 potens
800 825 854 887 est
877 818 968 888 enim
995 816 1113 902 Deus,
1135 825 1174 887 nt
1195 826 1321 908 augeat
1345 816 1406 887 tibi
1423 840 1508 910 gra-
1540 884 1543 887 ,

193 922 275 991 tiam
301 941 418 1008 suum,
441 922 498 1013 qui
517 921 605 991 vivit
628 928 662 988 et
683 927 809 1009 regnat
834 939 911 989 cnm
929 917 1133 990 Dec‘Putre
1156 927 1219 990 etc,
1273 928 1396 998 Domum
1415 934 1447 989 c.
1461 949 1507 990 re«

196 1031 269 1108 cipit
283 1028 493 1091 Consecratum
517 1029 553 1090 ad
574 1028 706 1090 osculum
730 1029 822 1108 pacis,
837 1027 972 1089 similiter
987 1037 1017 1090 et
1029 1030 1216 1090 desistentes
1226 1029 1370 1111 Episcopi
1383 1031 1507 1108 singuli,

193 1131 326 1192 dmentes
340 1134 398 1212 ipsi
413 1131 612 1192 Consecrato:
623 1122 701 1213 Pax
717 1120 786 1192 tibi.
809 1129 848 1190 Et
865 1132 931 1210 ipse
944 1130 1109 1212 respondet
1121 1132 1261 1210 singulis:
1281 1120 1421 1195 Etcum
1440 1127 1506 1218 spi·
1578 1193 1580 1197 r

193 1225 261 1294 ritu
282 1234 352 1295 tuo.

298 1333 370 1395 'dum
385 1330 598 1409 Consecratur,
614 1332 726 1393 medius
740 1333 820 1392 inter
836 1332 1021 1395 desistentes
1034 1332 1203 1414 Episcopus
1217 1333 1296 1394 redit
1309 1333 1346 1395 ad
1364 1334 1507 1414 capeliam

194 1453 294 1514 snam,
317 1436 367 1496 ubi
385 1435 567 1511 abstergitur
584 1435 612 1494 ei
631 1443 719 1511 caput
737 1443 791 1494 etc
818 1434 894 1495 Dein
911 1444 1036 1516 uterque
1050 1445 1081 1498 et
1097 1432 1129 1498 D.
1144 1445 1175 1497 et
1188 1434 1387 1497 Consecratus
1401 1431 1506 1516 proce·

195 1536 267 1597 dunt
281 1538 311 1596 in
322 1532 414 1619 Missa
427 1552 520 1615 usque
535 1536 571 1596 ad
585 1535 774 1595 offertorium
790 1536 947 1598 inclusive.

296 1640 384 1698 Dicto
399 1637 558 1698 Odertorio
574 1634 606 1697 C.
620 1637 707 1697 sedet
720 1639 749 1696 in
764 1636 931 1699 faldistorio
946 1646 1015 1698 ante
1028 1637 1153 1698 medium
1171 1637 1280 1700 aitaris.
1298 1637 1337 1698 Et
1344 1635 1505 1698 Consecra-

196 1748 260 1817 tus,
287 1741 411 1800 veniens
433 1757 471 1799 ex
494 1757 547 1799 sua
567 1739 680 1818 capella
702 1756 800 1799 coram
816 1738 1035 1801 Consecratore
1055 1738 1231 1817 genuflectit
1244 1748 1275 1799 et
1289 1739 1331 1801 illi
1346 1737 1434 1800 oiiert
1447 1739 1505 1800 dno

195 1841 340 1902 intortitia
354 1859 497 1918 accensa,
512 1841 586 1901 duos
601 1858 694 1920 panes
709 1850 739 1901 et
753 1841 810 1901 duo
824 1841 928 1907 barilia
942 1843 1012 1903 rino
1027 1842 1115 1922 plena
1129 1849 1160 1902 et
1178 1839 1403 1902 Consecratoris
1422 1861 1505 1922 prae-

195 1943 274 2004 dicta
291 1944 468 2022 recipientis
481 1961 595 2003 manum
609 1952 785 2002 reverenter
798 1943 948 2003 osculatur
958 1929 998 2018 l).

298 2043 413 2105 Deinde
429 2042 462 2103 D.
477 2053 507 2104 et
520 2043 718 2104 consecratus
741 2045 769 2103 in
792 2043 897 2104 eodem
918 2043 1002 2105 aitari
1022 2045 1125 2105 maiori
1139 2043 1257 2104 Missam
1275 2052 1503 2125 prosequuntur.

197 2145 319 2206 Secreta
344 2164 474 2225 sequens
494 2145 600 2205 dicitur
622 2164 687 2205 cum
703 2146 825 2206 Secreta
839 2145 948 2206 diissae
969 2146 1027 2214 diei
1047 2145 1102 2206 snb
1116 2164 1175 2206 nno
1188 2145 1248 2206 Per
1260 2146 1429 2223 Dominum,
1449 2165 1504 2226 per

197 2243 461 2308 Consecratorem:
492 2234 637 2332 Suscipe
663 2237 810 2308 Domine
842 2260 1006 2327 munera,
1039 2259 1128 2332 quae
1154 2238 1216 2309 tibi
1242 2237 1414 2312 oderimus
1439 2260 1504 2332 pro

196 2337 264 2410 hoc
285 2338 413 2410 famulo
439 2349 513 2428 tuo,
534 2349 572 2409 ut
593 2341 763 2434 propitius
776 2342 816 2410 in
837 2361 880 2411 eo
900 2352 965 2411 tuo·
979 2340 1067 2410 dona
1086 2339 1268 2413 custodias.
1309 2348 1507 2411 consecratus

196 2448 283 2513 dicit:
304 2439 450 2537 Suscipe
468 2441 615 2512 Domine
638 2463 778 2512 munera
788 2492 803 2530 ‚-
828 2463 915 2535 quae
936 2441 996 2512 tibi
1019 2440 1194 2514 uiderimus
1214 2464 1278 2537 pro
1301 2463 1357 2513 me
1377 2441 1505 2534 famulo

151 2591 155 2598 ι
194 2551 268 2631 tuo,
291 2554 328 2614 nt
353 2545 521 2637 propitius
548 2545 584 2611 in
607 2565 662 2613 me
683 2553 741 2614 tua
766 2543 855 2614 dona
882 2543 1064 2615 custodias.
1119 2544 1197 2619 Per.

300 2653 379 2714 luira
394 2657 539 2719 actionem
555 2653 627 2715 dicit
642 2652 675 2715 G.
711 2644 808 2715 Hanc
827 2647 930 2737 igitur
949 2644 1155 2716 ohlaiionem
1175 2642 1351 2733 servdffids
1368 2653 1507 2716 nostrae

196 2746 259 2820 sed
285 2757 320 2817 et
338 2756 481 2817 cunctae
507 2746 656 2817 familiae
681 2755 774 2835 tuae,
797 2768 899 2840 quam
923 2746 984 2818 tihi
1010 2746 1197 2834 oderimus,
1224 2749 1327 2818 etiam
1351 2767 1416 2840 pro
1441 2744 1507 2816 hoc

196 2846 324 2918 famulo
344 2861 417 2934 mu
442 2870 543 2940 quem
566 2848 608 2917 ad
628 2847 854 2942 Episcopatus
877 2848 1030 2918 ordinem
1047 2870 1256 2943 promovere
1278 2847 1436 2938 dignatus
1456 2868 1506 2931 es,
1580 2912 1588 2921 .

199 2969 404 3042 quaesumus
431 2948 590 3037 Domine,
617 2959 653 3018 ut
677 2950 832 3042 placatus
862 2952 1010 3045 accipias
1041 2960 1077 3019 et
1108 2953 1276 3045 propitius
1308 2952 1344 3018 in
1376 2971 1420 3019 eo
1450 2959 1506 3017 tua

197 3049 288 3120 dona
314 3049 504 3121 custodias:
526 3059 563 3118 ut
589 3050 681 3142 quod
704 3050 819 3121 divino
840 3073 982 3122 munere
1010 3062 1215 3124 consecutus
1234 3061 1299 3140 est,
1315 3051 1439 3122 divinis
1458 3046 1506 3119 ei-

196 3149 342 3224 ieotihus
364 3160 567 3243 exequatur,
591 3151 733 3244 diesque
754 3162 893 3225 nostros
913 3155 949 3223 in
968 3162 1026 3223 tna
1043 3174 1130 3247 pace
1149 3153 1323 3248 disponas,
1342 3153 1448 3245 atque
1465 3150 1506 3220 ab

197 3261 338 3321 aeterna
360 3253 574 3322 damnatione
597 3274 661 3325 nos
685 3257 770 3347 eripi
790 3264 824 3324 et
845 3257 881 3323 in
898 3254 1088 3324 electorum
1104 3264 1241 3326 tuorum
1258 3255 1377 3326 iubeas
1397 3274 1506 3343 grege

196 3355 378 3423 numerari.
432 3354 499 3423 Per
526 3350 695 3427 Christum
726 3355 907 3426 Dominum
929 3365 1092 3427 nostrum.
1144 3362 1188 3446 Pu.
1219 3357 1341 3429 Amen,
1394 3361 1506 3423 couse-

199 3466 295 3523 erasm
316 3463 401 3524 dicit:
427 3453 524 3524 Hauc
550 3457 653 3547 igitur
683 3457 888 3528 oblationem
914 3458 1089 3529 servitutis
1114 3468 1255 3549 nostrae
1269 3455 1343 3532 ‘sed
1369 3466 1403 3526 ct
1427 3477 1505 3524 cun-

188 3566 274 3653 ctae
294 3556 442 3627 familiae
468 3566 561 3646 tuae,
585 3580 685 3650 qnam
708 3556 767 3629 tihi
789 3558 975 3650 oderimus,
997 3561 1099 3630 etiam
1121 3583 1185 3656 pro
1205 3582 1261 3630 me
1283 3557 1411 3630 famulo
1434 3567 1506 3643 tuo,

199 3670 300 3750 quem
325 3658 368 3728 ad
385 3657 610 3753 Episcopatus
634 3659 788 3731 ordinem
805 3668 1013 3756 promovere
1034 3661 1192 3754 diguatus
1214 3684 1266 3750 cc,
1280 3681 1506 3755 quaesumus,

198 3757 345 3830 Domine
372 3771 407 3830 ut
437 3761 592 3855 placatus
626 3764 774 3858 accipias
801 3771 835 3834 et
860 3765 1028 3859 propitius
1054 3765 1090 3834 in
1114 3786 1170 3836 mc
1191 3774 1250 3836 tna
1277 3762 1367 3833 dona
1394 3770 1506 3834 custo-

199 3969 405 3980 -ι--ιι-

262 4079 291 4157 l)
313 4081 418 4154 Nickel,
433 4083 556 4141 Pontific.
567 4101 596 4157 p.
605 4084 671 4140 216:
686 4088 740 4143 Der
751 4085 910 4158 Bedeutung
921 4087 990 4142 nach
1002 4086 1037 4143 ist
1048 4086 1138 4144 dieses
1149 4084 1310 4160 0pier“eine
1324 4082 1507 4153 symbolische

103 4219 115 4233 x
194 4166 387 4238 Darsteiiung,
405 4169 460 4223 wie
472 4168 521 4223 der
532 4170 728 4239 Neogeweihte
743 4172 928 4227 entsohlossen
942 4172 994 4241 iet,
1011 4172 1071 4227 iesu
1086 4170 1194 4228 Christo
1210 4169 1286 4226 seine
1299 4167 1420 4239 geistige
1431 4166 1509 4222 Krait

198 4250 241 4304 ais
256 4251 332 4306 Licht
349 4253 396 4306 aui
409 4251 470 4308 dem
481 4253 613 4308 Leuohter
634 4253 683 4310 der
696 4254 774 4310 Welt
791 4254 871 4310 duhin
888 4273 921 4311 nu
940 4256 1048 4326 geben,
1066 4257 1149 4312 solite
1167 4272 1199 4311 er
1212 4255 1272 4310 sich
1287 4253 1356 4308 auch
1370 4251 1509 4318 member,

198 4331 292 4402 gleich
302 4335 378 4390 einer
389 4336 488 4404 nerse,
503 4338 589 4393 seibst
603 4339 752 4393 vernehren
764 4346 881 4394 mussan·
904 4341 958 4396 Das
969 4339 1055 4411 Dpier
1065 4340 1115 4397 des
1127 4339 1232 4396 Brodes
1243 4336 1297 4394 und
1307 4331 1423 4393 weines
1435 4335 1509 4390 sinn-

198 4414 302 4486 bildet,
324 4417 387 4476 dese
400 4421 446 4476 die
461 4421 587 4477 Bischdie
596 4422 670 4490 ‚den
685 4421 817 4492 Apostem
829 4423 937 4492 giemi,
948 4423 1025 4479 ihren
1037 4425 1265 4495 Untergebcnen‚
1276 4419 1430 4478 besonders
1443 4420 1510 4474 aber

199 4498 252 4555 den
263 4501 440 4574 Beddritigen
462 4504 515 4560 und
530 4505 661 4560 Fremden
673 4506 735 4560 eine
746 4506 896 4563 viterliohe
907 4507 1003 4577 Dione,
1016 4507 1267 4566 Gastireundschait
1281 4505 1335 4561 und
1346 4503 1511 4575 Freigebig-

200 4583 259 4640 keit
271 4586 298 4641 in
314 4587 452 4659 geistigen
463 4589 517 4646 und
527 4589 673 4646 ieiblichen
684 4590 790 4647 Notheu
803 4591 941 4648 erweisen
953 4592 1051 4649 seiten.
