3202 5176
555 405 564 422 κ
674 367 747 437 ebt

54 558 298 642 gulosllccloaiae
315 554 352 619 nd
367 557 525 635 dexteram
537 555 653 621 menum
665 561 802 622 intrantis
815 559 850 622 ad
864 555 1003 638 sumum
1018 569 1217 638 transuersum
1230 561 1328 638 illius,
1346 559 1375 623 tt

55 673 115 744 ent,
128 663 278 724 sinistrum
287 661 386 741 ipsios
399 660 440 722 ad·
450 669 538 741 eaput
550 659 721 724 Ecclesiae:
736 662 786 725 uel
800 664 825 724 si
838 661 973 725 Ecclesia
987 665 1026 725 eit
1039 654 1156 742 magua,
1171 665 1236 724 lieri
1250 672 1377 743 possunt

54 767 129 829 loeo
147 761 382 846 prismael'rueae
396 765 504 842 uiginti
520 766 648 844 qoatnor
665 765 786 829 areolae
807 765 923 846 aequali
943 768 1041 846 spatio
1060 766 1202 827 distentos
1221 784 1261 826 ex
1274 747 1406 826 cineae'

22 913 28 917 ·
55 877 87 930 et
106 863 458 941 neumasensium
473 875 546 928 tres.
565 898 603 910 -
626 866 725 930 Finito
740 868 851 946 hymno
866 864 1005 931 Pontifex
1016 879 1140 949 occepta
1154 868 1249 944 mitre,
1263 880 1376 928 acoum⁴
1437 931 1443 941 ,

54 970 203 1049 bltsuper
218 966 416 1033 faldistorium
430 977 464 1029 at
474 967 576 1030 sobole
587 969 694 1031 iterum
708 971 812 1051 incipit
825 978 857 1030 et
868 972 1058 1050 prosequitur
1070 971 1210 1048 Limnias,
1223 971 1253 1030 in
1270 970 1379 1049 quibua

55 1074 86 1132 in
104 1074 164 1133 nuo
179 1069 248 1131 loce
269 1070 438 1130 nominetur
456 1070 505 1144 bia
517 1061 650 1151 Sanctum
669 1072 741 1150 ille,
762 1074 792 1133 ln
814 1075 896 1133 euius
918 1071 1034 1134 bonore
1053 1082 1085 1133 et
1104 1074 1224 1134 nomine
1243 1071 1379 1132 Ecclesia

54 1173 105 1234 vel
122 1169 402 1247 alterededicatur',
422 1176 454 1233 et
467 1172 510 1233 illi
524 1191 646 1252 quorum
661 1174 806 1255 reliquiae
820 1175 850 1235 in
864 1191 902 1235 eu
916 1173 1114 1236 includuntur.
1154 1175 1314 1252 Postquam
1327 1191 1377 1232 ane

54 1285 115 1336 tem
129 1271 237 1336 dictum
250 1274 355 1333 fuerit:
376 1262 421 1334 Ut
439 1264 769 1340 omnibus'lidellbus
788 1285 845 1337 eto.
881 1271 924 1355 lta.
947 1264 997 1336 Te
1017 1287 1181 1358 rogamus
1199 1265 1278 1336 audi
1294 1286 1378 1338 nost

55 1377 194 1439 Pontifex
208 1375 244 1436 ab
259 1374 394 1436 accubitu
408 1378 504 1452 surgit
520 1386 550 1437 et
563 1377 697 1438 baculum
712 1377 890 1457 pastoralem
904 1378 933 1436 in
948 1370 1066 1437 sinistra
1080 1386 1186 1438 teneus
1200 1377 1272 1437 dicit
1285 1377 1314 1434 in
1326 1392 1377 1434 eo·

55 1479 136 1540 dem:
163 1466 207 1540 Ut
227 1468 341 1538 locum
368 1469 470 1539 istum
492 1469 632 1539 visitare
659 1470 820 1561 digneris.
865 1472 907 1559 lb.
937 1467 987 1539 Te
1013 1490 1177 1561 rogamus
1201 1467 1280 1537 audi
1301 1487 1376 1539 uos.

55 1579 194 1641 seeundo
213 1577 298 1638 dicit:
320 1566 420 1638 Utin
440 1588 483 1638 eo
506 1567 723 1660 Angelorum
746 1569 934 1641 custodiam
958 1570 1123 1666 deputare
1141 1570 1303 1662 digneris.
1333 1572 1376 1659 lt,

54 1670 107 1742 Te
133 1667 402 1762 rogamussatldi
428 1688 507 1755 nos„
555 1678 671 1740 Deinde
692 1679 844 1740 dexteram
867 1681 896 1739 in
919 1679 1008 1739 altum
1032 1679 1215 1757 extendens,
1238 1678 1379 1758 producit

54 1781 250 1845 communiter
270 1795 362 1859 snper
374 1777 537 1838 Ecclesiam
560 1788 591 1839 et
604 1779 706 1840 Altare
728 1780 978 1856 consecrandum,
1000 1788 1046 1840 ter
1067 1782 1238 1839 successive
1259 1779 1381 1854 signum

55 1883 173 1957 crucis,
194 1881 295 1941 diceus
316 1880 426 1960 primo:
454 1866 499 1941 Ut
520 1869 715 1950 Ecclesiam
737 1883 774 1944 et
793 1872 915 1944 Altaro
941 1870 1008 1941 hoo
1029 1870 1072 1941 ad
1093 1871 1262 1942 honorem
1282 1878 1378 1940 tuum

55 1986 90 2048 et
118 1994 244 2044 nomeu
266 1975 373 2045 sancti
392 1969 432 2042 N.
455 1974 689 2045 consecranda
710 1974 968 2068 bene†dioere
987 1973 1148 2065 digneris.
1185 1976 1228 2062 Βι.
1252 1970 1304 2042 Te
1320 1993 1378 2042 ro·
1435 1994 1436 1997 ’
1496 1977 1500 1990 ’

56 2096 175 2170 gamus
203 2074 282 2145 audi
307 2084 381 2146 nos.
427 2082 667 2154 sermionem
689 2074 735 2147 Ut
755 2073 948 2149 Ecclesiam
972 2083 1006 2144 et
1025 2075 1148 2146 Altare
1166 2073 1233 2144 hoc
1254 2072 1298 2143 ad
1316 2071 1378 2143 ho,-

52 2198 174 2250 norem
194 2186 289 2248 tuum
312 2186 346 2247 et
363 2195 489 2246 nomeu
510 2180 618 2248 sancti
639 2175 679 2249 N.
702 2178 937 2252 consecranda
956 2177 1046 2249 bene
1060 2175 1091 2268 †
1106 2176 1222 2246 dioerc
1246 2184 1281 2244 et
1300 2192 1378 2246 sam
1411 2213 1415 2218 ·

56 2276 237 2371 cti†lioare
266 2276 425 2368 digneris.
474 2282 516 2369 lt.
545 2276 596 2347 Te
619 2301 782 2371 rogamus
803 2279 882 2349 audi
901 2301 975 2351 nos.
1019 2284 1121 2347 lertio
1140 2284 1225 2354 dicit:
1248 2274 1294 2346 Ut
1311 2273 1377 2344 Ec·
1482 2366 1484 2370 ι
1516 2272 1519 2280 ’

56 2381 197 2452 clesiam
219 2388 252 2448 et
276 2377 400 2447 Altare
427 2377 494 2448 hoo
516 2376 559 2447 ad
584 2378 752 2450 honorem
778 2390 872 2450 tuum
900 2390 933 2450 et
954 2400 1080 2449 nomen
1102 2380 1210 2449 sancti
1226 2375 1272 2447 Ν.
1295 2397 1377 2446 con-

56 2478 224 2555 secranda
245 2477 511 2570 beue†dioere,
531 2477 790 2570 sanoti†boare
813 2492 847 2552 et
867 2479 1119 2572 conse†crare
1140 2478 1299 2570 digneris.
1332 2481 1375 2568 lb.
1421 2540 1430 2550 .

57 2582 109 2652 Te
135 2600 298 2672 rogamus
320 2578 400 2650 audi
421 2574 537 2675 nosgl)
581 2589 646 2664 Quo
666 2591 761 2667 lacto,
784 2592 889 2652 iterum
908 2591 1055 2655 accumbit
1068 2607 1158 2670 super
1171 2588 1377 2666 faldistorium,

57 2691 160 2754 ecbola
174 2691 291 2751 litanias
305 2698 474 2779 resumente
488 2699 518 2750 et
531 2691 716 2770 perficiente,
735 2692 840 2771 quibus
856 2694 956 2769 fluitis,
971 2691 1006 2753 ab
1025 2691 1161 2752 accubitu
1176 2691 1271 2767 surgit
1286 2688 1377 2769 depo·

57 2797 114 2856 sita
132 2795 217 2853 mitra
233 2800 263 2851 et
277 2801 357 2852 stans
372 2791 480 2852 ibidem
494 2779 599 2852 versus
613 2793 753 2854 ad'altare
769 2796 876 2871 maius,
896 2795 966 2855 dicit
985 2791 1167 2870 intelligibili
1180 2808 1276 2861 vooe;

164 2886 308 2957 Oramus.
362 2893 400 2953 Et
419 2893 562 2955 ministri:
588 2884 783 2959 Fleetamus
810 2909 931 2978 genuae
975 2890 1019 2979 lje.
1046 2883 1207 2964 Levatel.
1228 2883 1379 2955 Praeve-

56 2991 126 3059 niat
157 3004 223 3058 uos
258 2996 464 3080 quaesumus
486 2985 633 3062 Domine
659 2988 894 3062 misericordia
920 2997 1008 3076 tuas
1029 2996 1064 3058 et
1088 2983 1378 3064 intercedentibus

59 3085 215 3160 omnibus
245 3084 385 3159 *Sanctis
419 3081 485 3164 tuis
512 3086 622 3186 voces
654 3098 790 3162 nostras
817 3089 997 3161 clementia
1023 3097 1103 3162 tuae
1128 3078 1378 3188 propitiationis

58 3193 228 3287 anticipet.
274 3186 345 3273 Per
373 3184 551 3287 Christum.
593 3195 650 3279 lla·
663 3190 786 3260 Amen.
1316 3227 1318 3231 <
1349 3247 1358 3265 ,
1468 3274 1472 3285 x

10 3375 12 3378 v
163 3290 307 3361 Oramus.
359 3282 584 3383 Magnificam
602 3288 749 3363 Domine
771 3289 867 3364 Deus
889 3299 1009 3369 noster
1035 3293 1068 3360 in
1092 3287 1227 3362 Sanctis
1254 3290 1320 3359 tuis
1344 3294 1378 3358 et

58 3391 182 3466 hocin
201 3388 328 3486 templo
349 3389 410 3460 tibi
428 3386 607 3487 aedificato
628 3413 768 3491 appare,
786 3402 822 3469 ut
843 3393 900 3486 qui
920 3401 1041 3462 cuncta
1063 3394 1098 3461 in
1117 3389 1195 3462 liliis
1223 3387 1380 3482 adoptio-

57 3496 111 3570 nis
133 3495 293 3689 operarps)
308 3493 383 3585 ipse
405 3494 542 3593 semper
558 3492 594 3563 in
611 3501 668 3564 tua
685 3492 896 3564 haereditate
913 3484 1074 3565 lauderis.
1109 3490 1177 3560 Per
1196 3485 1377 3560 Christum.

95 3594 247 3664 ,Amen
1375 3601 1378 3608 '

56 3596 93 3688 Py
163 3702 235 3764 Tum
249 3702 350 3765 ecbola
365 3704 468 3783 incipit
478 3713 508 3765 et
517 3702 928 3784 prosequiturbntipbonam:
947 3690 1091 3786 Oquum
1104 3689 1308 3763 metuendus
1322 3700 1375 3764 esi
1475 3687 1476 3691 ¹

58 3798 158 3869 locus
179 3798 258 3884 iste,
285 3816 370 3867 vere
397 3818 467 3868 non
493 3807 546 3871 est
572 3797 627 3866 hic
653 3795 745 3870 aliud
767 3797 832 3869 nisi
860 3794 981 3866 domus
1003 3790 1070 3861 Dei
1096 3801 1130 3879 et
1152 3801 1251 3885 porta
1275 3793 1374 3864 coeli.

60 3953 271 3967 *⁸*-

119 4031 150 4098 ll
163 4033 206 4090 ΕΙ.
223 4033 252 4090 Τ,
265 4032 372 4104 bperto
391 4022 612 4090 oetio'lntrautes
626 3986 733 4090 deaut:
753 4033 809 4089 Pax
824 4030 886 4087 huic
901 4029 1002 4089 domm·
1035 4027 1140 4089 Deinde·
1154 4027 1266 4107 incipiat
1278 3976 1377 4082 olenus

10 4157 12 4160 -
60 4119 197 4176 litaniam.
225 4117 260 4175 Et
281 4133 341 4175 oum
361 4117 666 4175 ueneriatSuoerdotes
690 4117 737 4172 uel
753 4114 863 4173 lasum
877 4122 940 4171 ante
956 4115 1042 4175 utare
1056 4118 1233 4185 prosternant
1244 4126 1278 4169 se
1292 4127 1375 4182 super

59 4207 205 4259 strumento
227 4218 287 4259 eum
301 4201 433 4259 l’ontiliee
453 4219 541 4274 usque
560 4203 624 4260 dnm
643 4202 750 4259 dicatur
763 4200 859 4269 Agnus
874 4199 933 4257 Dei.
963 4199 1089 4271 Sequotur
1104 4197 1199 4255 Oratio
1214 4194 1377 4264 Massili-

60 4295 141 4343 aara
156 4293 210 4344 ete
240 4287 276 4343 Ut
290 4286 373 4356 solet,
387 4286 475 4356 ungis
488 4285 646 4344 nmoitad
660 4283 866 4343 loutidonlelt
890 4281 1216 4356 nabcuttespoascriuu.
1245 4279 1300 4335 Pax
1314 4279 1377 4340 huie
1496 4306 1499 4310 ⁸

59 4370 151 4427 douai
165 4364 208 4445 bk.
222 4371 253 4428 lu
264 4370 380 4428 introitu
397 4379 507 4443 saeuo,
522 4369 735 4443 lieepcueorium
750 4369 910 4429 Zaobaee
923 4369 1119 4435 festinans,
1134 4362 1253 4423 ninutas
1266 4372 1294 4421 et
1308 4364 1377 4420 Gel-

59 4457 158 4512 leolam
176 4453 401 4512 lraeueniat.

120 4537 152 4611 2)
167 4536 315 4593 Gelllll.
332 4539 465 4611 templo
481 4538 761 4596 aedificationis
776 4567 816 4578 -
836 4536 950 4593 omnia
965 4537 1000 4595 iu
1015 4531 1158 4591 lililsll.
1175 4531 1377 4594 aedificato

58 4639 215 4675 ..;.....-.-
230 4624 420 4693 apparate..

1002 4672 1005 4677 ,
1071 4663 1169 4788 as*
