3202 5176
751 324 823 396 156

136 537 245 602 pompa
265 519 367 582 baberi
388 517 485 581 soleat
505 534 660 597 novaeque
674 516 808 580 adiectae
823 516 882 577 sint
897 519 1093 580 caerimoniae
1107 515 1308 578 necessarium
1320 515 1448 595 videtur,

136 623 306 685 adscribere
321 641 358 685 ex
372 621 497 698 Agenda
512 620 636 702 quadam
654 619 827 681 Germaniae
842 620 1018 701 catholicae,
1038 638 1095 700 quo
1111 619 1215 706 ordine
1230 627 1261 679 et
1275 618 1356 680 cultu
1370 636 1449 680 nunc

138 724 314 787 celebretur.
357 724 490 799 Quatnor
509 724 629 799 altaria,
648 740 728 802 quae
753 722 829 784 inira
849 731 1130 799 commemorantur,
1151 713 1306 801 eriguntur
1324 722 1354 783 in
1375 721 1449 783 ioris

137 827 186 887 vel
202 827 318 906 plateis,
331 844 386 907 per
400 846 471 907 quas
485 824 650 908 ingreditur
664 824 831 890 Processio.

188 1049 252 1122 ux
265 999 461 1123 nonnum
481 1050 723 1127 nroacnsrs
739 1047 1145 1127 nonnsranrnnsrs
1160 1047 1276 1121 anm
1290 1051 1396 1129 1712.

239 1231 397 1310 Postquam
412 1232 447 1293 ad
462 1235 585 1312 primurn
599 1233 693 1296 altare
706 1234 879 1313 pervenerit
894 1232 1064 1310 Procesaio,
1079 1231 1228 1293 Diaconos
1242 1231 1268 1291 ei
1281 1228 1368 1305 adsit,
1385 1245 1449 1289 cum

137 1333 240 1394 debita
251 1336 419 1394 reverentia
435 1344 464 1393 et
480 1335 692 1412 gennilexionc
707 1336 743 1395 de
759 1354 843 1396 manu
855 1335 1025 1397 Sacerdotis
1040 1335 1165 1415 accipiat
1179 1333 1209 1394 S.
1218 1332 1448 1408 Sacramentum,

138 1445 169 1496 et
186 1434 257 1496 illud
271 1454 362 1516 super
375 1435 469 1497 altare
485 1438 654 1514 collocabit,
677 1436 748 1501 alias
762 1438 909 1501 Sacerdos
923 1439 989 1517 ipse
1004 1436 1127 1517 deponit
1144 1443 1320 1497 reverenter
1334 1440 1364 1491 et
1385 1431 1448 1491 tbu·

139 1538 234 1598 riiicat
248 1538 485 1613 Sacramentum,
508 1538 577 1601 dein
599 1540 747 1601 Diaconos
761 1539 937 1616 genuilexus
955 1548 1023 1600 ante
1044 1537 1217 1602 venerabile
1230 1537 1449 1597 Sacramentum

138 1639 231 1701 dicat:
252 1627 378 1700 Munda
400 1651 592 1701 cormeum
614 1649 671 1700 cto.
693 1641 739 1720 (p.
752 1639 810 1714 62)
832 1649 862 1702 et
882 1649 1006 1719 accepto
1020 1640 1097 1702 libro
1119 1659 1158 1700 ex
1171 1639 1256 1700 altari
1271 1655 1335 1698 cum
1351 1634 1450 1697 debita

127 1734 308 1801 ¹reverentia
326 1749 394 1800 ante
412 1739 715 1803 Ollrciatoremdieit:
751 1732 834 1804 lube
853 1732 1000 1804 Domine
1020 1731 1227 1803 benedicere
1249 1747 1305 1798 etc.
1345 1735 1450 1799 llabita
1581 1806 1584 1811 ,

141 1841 349 1904 benedictione
378 1841 531 1920 decantat,
562 1843 752 1906 Subdiacono
782 1847 807 1905 ai
837 1845 914 1907 adsit
944 1843 1050 1906 librum
1080 1851 1220 1918 tenente,
1255 1837 1450 1916 Evangelium

139 1946 275 2025 primum.
307 1943 389 2017 Quae
404 1946 511 2022 omnia,
528 1947 646 2007 omissis
661 1947 830 2010 omittendis
845 1946 917 2009 alias
932 1947 998 2025 ipse
1013 1945 1159 2007 Sacerdos
1174 1943 1342 2023 exequitur.

243 2070 409 2144 Dominus
446 2071 635 2144 vobiscum.
707 2079 749 2165 ip.
792 2073 837 2143 Et
870 2094 947 2142 eum
986 2072 1106 2166 spiritu
1144 2079 1214 2140 tuo.
1276 2066 1452 2139 Initium
1547 2085 1554 2099 ‘

139 2170 174 2245 S.
199 2172 435 2265 Evangelii
463 2175 695 2247 secundum
720 2174 977 2247 Matthaeum
1000 2179 1044 2266 ιιι
1067 2169 1184 2244 Gloria
1210 2171 1271 2243 tibi
1292 2170 1449 2241 Domine.

139 2281 226 2363 (Cap.
246 2274 271 2343 l.
295 2303 337 2343 vs.
355 2277 516 2360 1-16.)
552 2288 698 2348 Sacerdos
719 2289 871 2350 oscnlatnr
892 2285 997 2346 librum
1017 2285 1073 2346 eibi
1088 2284 1225 2362 delatum,
1242 2282 1359 2344 dicens:
1384 2271 1452 2342 Per

140 2374 353 2468 Euangeliou
386 2375 474 2447 dicta
502 2377 682 2450 deleantur
713 2389 831 2454 nostra
861 2378 995 2448 delicta.
1047 2376 1171 2448 Amen.
1225 2384 1263 2446 iit
1283 2386 1453 2445 incensatur

141 2504 225 2548 more
240 2487 329 2549 solito
344 2505 361 2546 a
378 2486 551 2548 Diacono'
526 2507 551 2548 ar
568 2488 653 2550 adsit

244 2621 397 2683 Diiciator
411 2632 479 2684 ante
493 2622 700 2713 Venerabile
692 2645 721 2689 ιιι
735 2620 834 2702 genua
848 2623 1023 2705 provolutus
1044 2625 1123 2686 cauit
1142 2592 1351 2685 Peccatores
1377 2615 1452 2683 eto·

141 2743 190 2786 rus
210 2725 390 2804 respondet:
420 2715 470 2786 Te
490 2702 672 2809 rogamus,
700 2718 778 2789 audi
799 2739 872 2790 nos.
913 2725 1081 2787 omciator:
1104 2714 1149 2789 Ut
1169 2710 1369 2787 Pontificem
1390 2731 1452 2780 no-

139 2827 248 2891 strum
272 2814 313 2888 N
345 2840 411 2888 una
442 2841 519 2889 cum
548 2842 659 2923 grego
691 2822 873 2893 commisso
904 2820 945 2889 in'
969 2827 1087 2893 sancta
1113 2818 1283 2910 religione
1312 2810 1452 2884 conser-

140 2942 225 3009 vare
249 2918 409 3012 digneris.
452 2929 567 2993 chorus
583 2932 761 3021 respond:et
782 2921 833 2992 'le
853 2943 1030 3013 rogamus,
1049 2920 1127 2991 audi
1148 2940 1222 2992 nos.
1257 2926 1288 2987 Si
1311 2925 1398 2985 statio
1414 2924 1453 2985 ait

141 3049 237 3113 prope
252 3031 376 3111 aliquam
392 3033 559 3110 ecelesiam,
576 3035 707 3095 eiusdem
720 3034 840 3096 Patroni
857 3035 889 3095 iit
908 3034 1047 3094 memoria
1065 3051 1129 3093 cum
1143 3031 1252 3092 Versu:
1293 3016 1361 3088 Ora
1388 3037 1451 3112 pro

142 3122 306 3196 nobisN.
362 3126 493 3197 chorus}
516 3125 562 3197 Ut
588 3126 681 3221 digni
704 3126 891 3199 efficiamur
916 3123 1199 3221 promissionibus
1228 3119 1360 3191 Christi.

245 3260 415 3333 Oramus:
441 3260 663 3355 Omnipotens
690 3266 898 3359 sempiterno
924 3262 1038 3350 Deus,
1066 3271 1100 3330 tc
1128 3259 1300 3356 supplices
1328 3275 1452 3326 exora-

142 3384 216 3434 mus
243 3363 406 3434 iamnlnm
427 3371 521 3433 tuum
544 3364 743 3436 Pontificem
768 3375 922 3439 nostrum
947 3361 988 3439 N.
1018 3373 1052 3434 et
1076 3362 1271 3436 Antistitem
1298 3365 1453 3430 nostrum

142 3461 184 3533 N.
215 3485 281 3534 una
314 3486 391 3534 eum
416 3487 528 3556 grege
553 3467 621 3541 illis
647 3470 830 3543 commisso
864 3467 905 3541 ab
941 3464 1097 3539 omnibus
1126 3461 1300 3537 erroribus
1334 3470 1370 3530 et
1395 3458 1453 3528 ad-

143 3564 361 3637 versitatibus
389 3567 531 3637 custodi.
1337 3597 1341 3605 ’

247 3665 427 3739 Ecclesiae
454 3677 536 3740 tuae
563 3690 769 3762 quaesumus
795 3670 942 3743 Domine
974 3688 1099 3763 preces
1124 3664 1279 3761 placatus
1302 3663 1453 3749 admitte,

143 3778 180 3841 nt
205 3768 387 3842 destructis
414 3769 678 3844 adversitatibus
702 3780 735 3843 et
762 3771 937 3844 erroribus
959 3770 1130 3844 universis
1156 3788 1279 3843 secura
1300 3765 1361 3838 tibi
1381 3785 1454 3838 ser·
1546 3818 1549 3823 .

142 3873 213 3942 viat
240 3870 406 3941 libertate.

244 3983 276 4043 Si
291 3984 329 4043 sit
343 3982 419 4061 apud
434 3983 601 4062 ecclesiam,
618 3984 733 4047 additur
751 3985 839 4046 tertia
853 3980 985 4047 Colletta
997 3983 1035 4047 dc
1048 3984 1112 4045 cius
1128 3982 1274 4044 ecclesiae
1283 3979 1409 4041 Patrono
1423 3983 1453 4034 et

142 4084 343 4146 concluditur:
369 4076 437 4148 Per
463 4076 645 4151 Dominum
671 4087 825 4150 nostrum
851 4095 907 4149 etc.
959 4082 1001 4168 ιιι.
1029 4076 1151 4148 Amen

243 4187 359 4250 Deinde
373 4187 527 4250 Officiator
542 4191 666 4269 imponit
680 4189 746 4251 thus
759 4187 873 4268 absque
887 4188 1096 4251 benedictione
1112 4190 1140 4249 in
1157 4180 1345 4257 thnribulum,
1359 4197 1451 4257 genn·

143 4289 427 4377 bectitettburiiioat
436 4289 927 4354 venerabileSacramentumetdat
936 4291 1171 4353 benedictionem
1179 4303 1242 4346 cum
1250 4282 1451 4344 Sauctissimo.

246 4390 316 4453 (inm
334 4395 505 4471 pervenerit
520 4393 675 4457 Processio
689 4393 726 4457 ad
739 4393 902 4456 secundnm
915 4395 1019 4472 altare,
1036 4393 1105 4453 liant
1126 4390 1222 4452 omnia
1243 4387 1321 4447 sicut
1336 4384 1372 4447 ad
1395 4393 1451 4445 sta·

144 4475 389 4681 ιιοιίιιὸιιιιιιιι
407 4485 746 4684 eapcgrvnlnitium
766 4483 803 4560 S.
845 4485 1075 4579 Evangelii
1096 4481 1325 4558 secundum
1341 4475 1452 4548 Mar-

85 4623 91 4635 ·
143 4608 233 4657 cum
292 4638 305 4674 ,
365 4592 519 4677 -8.,.’
875 4614 879 4621 ·
