3202 5176
714 349 788 439 39?

187 539 419 604 DnmSacerdos
435 540 524 602 dicit:
536 518 722 626 Sequentia
737 509 846 618 sancti
858 502 922 606 etc.
937 542 1025 607 iaciat
1038 545 1155 623 signum
1168 546 1263 606 crucis
1278 544 1315 605 de
1325 562 1407 612 more

89 661 227 724 superse
240 644 271 704 in
284 644 396 722 fronte,
411 662 464 705 ore
479 653 509 704 et
524 645 554 704 in
568 654 694 724 pectore
708 642 752 727 (p.
761 641 813 706 64.
820 640 877 720 65)
888 646 1272 728 similitersuperinlirmnm
1280 648 1306 709 si
1317 646 1408 708 luerit
1532 691 1538 701 ,

88 746 235 807 masculus
256 756 286 807 ct
305 748 329 808 is
351 747 388 808 ob
404 748 599 817 infirmitatem
617 765 677 808 non
691 742 790 829 potest
805 767 839 810 se
853 749 983 827 signare.
1021 751 1053 821 Si
1071 759 1167 810 autem
1181 750 1270 811 luerit
1287 750 1406 826 femina,

89 847 157 910 dum
170 847 316 910 Siccrdos
336 869 370 935 se
391 850 506 927 signat,
529 849 579 910 illa
598 867 654 930 per
672 852 861 933 semetipsam
885 853 913 911 in
936 851 1009 913 locis
1023 851 1183 933 praedictis
1197 871 1231 913 se
1245 852 1359 929 signat;
1381 850 1407 918 si

89 968 163 1012 vero
185 969 245 1012 non
259 961 360 1033 potest
374 951 430 1013 alia
444 953 549 1012 mulier
564 971 626 1013 cam
641 954 755 1031 signet:
772 963 807 1014 et
820 953 878 1015 hoc
892 953 991 1014 idem
983 955 1218 1035 insequentibus
1234 953 1407 1031 Evangeliis

89 1062 235 1114 servatur.

169 1126 306 1218 nant.
335 1145 594 1218 vilis-13.
649 1145 687 1216 ln
713 1145 774 1217 illo
795 1156 968 1243 tempore.
1000 1145 1084 1220 Cum
1111 1153 1285 1223 introisset
1307 1147 1405 1220 lesus
1460 1162 1463 1167 “

90 1245 326 1344 Gapharnaum
350 1258 414 1320 etc.
437 1289 490 1303 ·-
513 1291 561 1302 —
590 1259 623 1320 et
646 1260 783 1322 sanatus
806 1259 858 1323 est
879 1273 965 1345 puer
987 1253 1022 1321 in
1048 1250 1108 1322 illa
1135 1252 1229 1323 bora

17 1360 18 1364 ’
193 1350 370 1423 Oremus.
387 1350 609 1447 Omnipotens
631 1347 838 1446 sempiterne
858 1351 967 1441 Deus,
989 1344 1082 1427 salus
1104 1363 1244 1425 aeterna
1264 1351 1406 1423 creden-

87 1456 188 1526 tium·
224 1453 350 1525 exandi
376 1475 441 1526 nos
468 1476 532 1547 pro
559 1453 692 1524 infirmo
719 1453 847 1526 iamnlo
875 1464 933 1526 tuo
961 1453 1013 1526 Ν.
1030 1478 1185 1551 proquo
1212 1457 1407 1528 misericor-

88 1556 165 1627 diae
186 1565 267 1627 tuae
292 1556 514 1649 imploramus
542 1554 724 1626 auxilium:
745 1567 782 1626 ut
803 1556 937 1626 reddita
965 1558 1029 1628 sibi
1056 1561 1200 1629 sanitate
1221 1560 1407 1649 gratiarnm

85 1657 149 1729 tibi
182 1661 217 1727 in
243 1657 392 1728 ecclesia
423 1666 481 1727 tua
501 1656 632 1728 referat
653 1659 814 1732 actiones.
855 1658 923 1729 Per
945 1656 1113 1732 Christum
1136 1659 1320 1730 Dominum
1344 1679 1405 1729 no-

86 1769 203 1833 strum.
250 1763 292 1846 1).
322 1757 444 1853 Amen.
453 1754 484 1854 1)
901 1785 903 1789 ·

190 1860 346 1933 Psalmus
370 1862 427 1930 15.
473 1857 654 1933 Conserva
674 1883 730 1932 me
750 1860 897 1932 Domine
921 1871 983 1932 etc.
1026 1862 1193 1934 Dominus
1215 1859 1405 1932 vobiscum.

85 1969 129 2057 lp.
157 1962 201 2033 Et
225 1985 301 2033 cum
323 1965 444 2058 spiritu
470 1973 539 2034 tuo.
581 1960 767 2058 Sequentia
784 1967 893 2036 sancti
909 1962 1094 2056 Evangelii
1112 1964 1299 2039 secundum
1315 1961 1407 2033 illar-

20 2150 23 2153 ,
87 2087 174 2139 cum.
225 2070 269 2156 1).
299 2063 417 2136 Gloria
438 2064 499 2137 tibi
521 2065 677 2137 Domine.
764 2104 771 2112 -

72 2239 73 2242 ,
188 2166 296 2259 Marc.
323 2166 406 2238 XVI
436 2170 595 2239 14-18.
644 2167 683 2239 ln
704 2169 765 2239 illo
788 2176 963 2263 tempore:
986 2165 1277 2241 Recumbentibns
1299 2165 1407 2237 unde-

23 2300 27 2308 ·
87 2275 153 2342 cim
181 2280 244 2341 etc.
268 2312 315 2322 -
339 2292 443 2364 super
465 2275 593 2362 aegros
615 2293 735 2344 manns
755 2273 929 2366 imponent
954 2281 995 2342 et·
1009 2269 1098 2341 bene
1120 2269 1301 2341 habebunt.

190 2370 346 2443 Oremus.
398 2370 568 2443 Virtutum
594 2371 796 2445 coelestium
820 2372 930 2459 Deus,
954 2375 1012 2466 qui
1033 2371 1075 2442 ab
1103 2372 1257 2470 humanis
1284 2392 1407 2465 corpo-

86 2474 182 2546 ribus
216 2494 350 2543 omnem
380 2472 583 2564 languorem
605 2484 638 2544 et
665 2495 800 2544 omnem
821 2472 1048 2544 infirmitatem
1072 2476 1249 2569 praecepti
1274 2475 1323 2544 tui
1346 2494 1407 2567 po-

85 2586 211 2650 testate
244 2573 408 2670 dcpellisz
448 2575 567 2648 adesto
594 2579 762 2670 propitius
789 2574 867 2648 huic
893 2574 1023 2645 famulo
1051 2583 1109 2645 tuo
1136 2573 1190 2663 N.7
1217 2585 1254 2645 ut
1280 2574 1407 2664 iugatis

86 2677 334 2750 infirmitatibus
362 2686 424 2747 et
419 2675 553 2750 uiribus
579 2680 729 2774 receptis
755 2698 881 2748 nomen
902 2687 1055 2749 sanctum
1081 2687 1195 2767 tuum,¹
1220 2679 1407 2748 instaurato
1520 2746 1525 2760 ,

85 2784 241 2878 protinus
264 2781 421 2868 sanitate.
448 2779 637 2850 benedicat.
686 2780 769 2851 Per.
772 2775 805 2864 2)

188 2882 344 2955 Psalmus
371 2885 424 2952 19.
465 2881 637 2952 Exaudiat
658 2891 693 2953 te
716 2881 915 2953 Dominus
906 2903 940 2950 ιιι
964 2881 1019 2950 die
1042 2867 1268 2953 tribulationis
1289 2889 1353 2949 etc

60 2994 63 2999 ’
188 2985 356 3056 Dominus
379 2982 559 3056 vobiscum
582 2992 645 3055 etc.
675 3003 720 3054 m
728 3011 827 3074 snpra.

189 3085 270 3157 Luc.
293 3084 343 3156 lV
371 3088 546 3157 38—40.
594 3085 633 3156 ln
652 3085 714 3157 illo
736 3097 910 3181 tempores
935 3082 1092 3177 Surgens
1114 3082 1212 3158 Iesus
1238 3082 1280 3152 dc
1304 3103 1405 3176 syna·
1517 3074 1521 3080 ’

88 3211 181 3282 gogo
200 3189 380 3258 introivit
371 3210 405 3257 ιιι
425 3189 563 3260 (Ιοιιιιιιιι
582 3185 731 3261 Simonis
752 3199 888 3263 eto-
909 3199 943 3259 at
962 3187 1021 3258 illc
1042 3186 1185 3278 singulis
1207 3205 1326 3257 manus
1345 3186 1406 3254 irn-

85 3312 219 3387 ponens
242 3283 383 3361 curabat
407 3312 478 3363 eos.
1441 3369 1445 3375 ,

189 3391 345 3466 Dremus.
388 3391 546 3464 Domine
573 3402 712 3481 sancte
736 3361 839 3463 Pater
866 3392 1101 3486 omnipotens,
1128 3398 1269 3459 aeterne
1295 3381 1405 3478 Dens.

87 3496 145 3588 qui
166 3493 384 3586 fragilitatem
404 3482 571 3566 humanae
591 3444 860 3581 conditionis‚in
825 3491 937 3565 minsa
957 3495 1091 3564 virtutis
1111 3502 1189 3561 tuae
1210 3488 1406 3582 dignatione

90 3593 285 3683 confirmas,
307 3605 344 3666 nt
371 3596 576 3669 salutaribus
601 3596 763 3668 remediis
790 3597 923 3690 pictatis
949 3603 1030 3664 tuae
1053 3613 1201 3689 corpora
1227 3603 1345 3665 nostra
1372 3602 1407 3664 ct

86 3707 219 3770 mentes
247 3707 475 3789 vegetentur·
504 3719 609 3793 super
631 3698 721 3768 hunc
745 3697 910 3768 famulum
934 3705 1028 3766 tunm
1057 3697 1222 3791 propitius
1248 3695 1405 3781 intende3

84 3810 122 3871 ut
142 3803 234 3871 omni
252 3802 460 3873 necessitate
482 3812 673 3895 corporeae
692 3798 892 3871 infirmitatis
915 3799 1070 3889 exclusa,
1093 3799 1201 3891 gratia
1223 3800 1257 3867 in
1275 3820 1318 3869 eo
1336 3799 1405 3935 pri-

85 3905 195 3976 stinae
219 3904 372 3976 sanitatis
394 3902 550 3997 perfecte
576 3912 766 4000 reparetur.
820 3900 896 3971 Per.
910 3897 943 3997 ³)

85 4096 300 4109 m-

10 4278 13 4283 .
132 4212 180 4280 .l)
195 4208 512 4280 Sacramfielastireg.
535 4226 598 4282 pro
622 4210 772 4277 lamulis
796 4210 868 4267 tuis
888 4209 971 4266 illis
989 4239 1032 4252 —
1054 4207 1111 4267 Gel.
1127 4207 1210 4278 drag.
1230 4203 1403 4262 scierant.

86 4292 116 4371 b)
132 4295 205 4350 llaec
217 4295 312 4352 Oratio
324 4310 411 4366 aeque
427 4301 507 4367 atque
521 4311 637 4367 sequens
650 4296 798 4368 reperitur,
810 4295 882 4367 qnod
894 4301 1044 4351 memoratu
1055 4293 1166 4363 dignum
1178 4298 1230 4360 est,
1243 4290 1270 4345 in
1282 4289 1404 4347 Sacram.

88 4378 229 4436 Gallicano
242 4382 275 4437 ab
291 4378 440 4437 Duratorio
455 4379 539 4436 edito.
565 4381 684 4437 Sacram
701 4380 790 4439 (telas.
812 4381 898 4436 buin
920 4394 1025 4436 servo
1041 4377 1177 4434 tnoGall.
1193 4375 1322 4441 lamulo
1344 4381 1403 4447 tuo

87 4463 264 4524 iltr-Gel.
276 4465 332 4522 vir
351 4463 617 4522 revocatisGall.
630 4465 826 4539 reparatis.
849 4460 880 4537 3)
896 4466 1016 4521 Sacram
1026 4460 1114 4518 Gelas.
1126 4459 1209 4533 (ἕως.
1226 4459 1293 4521 Gall
1309 4441 1402 4529 trag.

88 4546 318 4608 conditionis
345 4556 566 4608 nostrne—
593 4550 650 4609 Get.
672 4550 753 4623 Greg.
774 4549 1004 4636 propitiatus
1024 4545 1092 4605 Gall.
1115 4543 1405 4620 superianulum

88 4633 550 4709 tunmpropitiusintende
659 4632 664 4641 '
