3202 5176
758 280 833 361 '286

136 496 200 554 nos
217 472 474 550 misericordiae
490 480 579 543 tuae.
610 467 826 545 Convertere
839 472 987 545 Domine
1003 491 1194 568 usquequo.
1219 479 1263 566 lp.
1279 470 1324 548 Et
1338 475 1462 573 depre-

138 578 259 652 cabilis
282 586 357 652 estc
381 595 486 670 super
508 595 633 647 servos
655 583 743 647 tuos.
783 572 911 648 Salvos
937 575 994 645 lac
1011 595 1137 648 servos
1158 585 1193 647 et
1212 578 1356 651 ancillas
1373 589 1460 653 tuas.

137 687 180 772 ιιι.
202 682 298 752 Deus
320 698 418 750 meus
439 687 619 772 sperantes
639 679 674 747 in
693 686 736 748 te.
774 675 860 751 Esto
883 679 934 750 eis
947 678 1095 749 Domine
1116 680 1220 752 turris
1239 679 1460 754 fortitudinis.

137 789 180 874 lle.
204 782 239 854 A
257 783 347 853 facie
364 780 499 851 inimici.
533 778 631 850 Mitte
652 781 702 852 eis
716 778 863 851 Domine
883 780 1047 850 auxilium
1067 779 1111 850 dc
1133 791 1263 854 sancto.
1293 789 1336 876 lp.
1359 780 1404 854 Et
1416 783 1461 854 de

138 885 224 959 Sion
250 894 349 955 tuere
378 903 449 955 eos.
497 881 644 953 Domine
666 882 793 954 exaudi
815 885 1005 954 oraticnem
1025 904 1145 952 meam.
1190 889 1233 976 lp.
1261 881 1306 956 Et
1328 884 1461 956 clamor

138 1008 236 1059 meus
258 985 302 1056 ad
320 996 354 1056 to
376 985 502 1057 veniat.
553 984 721 1057 Dominus
740 984 930 1058 vobiscum.
974 989 1018 1075 lle.
1039 983 1181 1056 Etcum
1202 989 1323 1082 spiritu
1341 996 1413 1059 tuo.

234 1087 398 1182 oremus.
441 1085 577 1158 Adesto
599 1086 747 1158 Domine
773 1084 1077 1182 supplicationibus
1103 1091 1230 1161 nostris
1254 1099 1378 1180 eume,
1402 1086 1461 1184 qui

138 1192 240 1264 ctiam
259 1188 495 1264 misericordia
514 1197 572 1259 tua
590 1191 718 1284 primus
737 1189 890 1281 indigeo,
913 1189 1102 1260 clementer
1121 1191 1247 1268 exaudi
1265 1200 1301 1261 et
1318 1188 1459 1288 queml)

136 1315 208 1365 nou
232 1294 404 1363 electione
430 1293 542 1362 meriti
559 1291 622 1364 sed
642 1292 733 1362 dono
752 1294 884 1384 gratiae
901 1301 981 1362 tuae
998 1293 1202 1364 constituisti
1220 1292 1320 1366 huius
1343 1297 1460 1389 operis

137 1397 347 1485 ministrum,
381 1394 424 1464 da
449 1391 606 1464 fiduciam
633 1396 683 1464 tui
714 1395 865 1473 muneris
893 1393 1088 1487 exequendi
1116 1403 1151 1465 et
1179 1397 1314 1491 ipsein
1337 1405 1459 1469 nostro

137 1499 346 1586 ministerio,
374 1495 466 1590 quod
484 1505 564 1567 tuae
582 1498 718 1591 pietatis
739 1505 812 1585 est,
840 1517 996 1591 operare.
1050 1495 1127 1568 Per.
1183 1486 1187 1497 ’

242 1600 384 1673 Praesta
411 1619 636 1693 quaesumus,
663 1599 823 1688 Domine,
846 1597 898 1672 his
924 1597 1061 1673 famulis
1080 1594 1191 1696 tuis2)
1215 1598 1355 1692 dignum
1375 1621 1460 1696 poe-

137 1704 299 1775 nitentiae
321 1702 483 1791 fructum,
503 1710 541 1772 ut
562 1702 735 1774 ecclesiae
756 1711 837 1773 tuae
860 1710 1012 1791 sanctae,
1036 1703 1170 1775 aculus
1187 1703 1383 1795 integritate
1402 1701 1460 1774 de-

137 1801 358 1900 viaverant³)
381 1803 574 1901 peccando,
595 1804 820 1879 admissorum
841 1806 979 1876 veniam
1006 1805 1250 1900 consequendo
1273 1804 1461 1877 reddantur

138 1904 326 2002 innoxii.4)
379 1907 457 1979 Per.

239 2009 372 2080 Precor
395 2009 543 2080 Domine
570 2019 650 2081 tuae
685 2012 901 2084 clementiam
933 2013 1137 2100 maiestatis,
1170 2009 1289 2084 uthis
1320 2009 1459 2083 famulis

138 2112 205 2182 tuis
223 2119 368 2205 peccata
388 2120 424 2181 et
441 2111 595 2183 facinora
617 2134 678 2186 sua
701 2113 938 2189 confitentibus
957 2117 1096 2187 veniam
1114 2123 1293 2210 praestare
1312 2118 1346 2184 et
1361 2134 1460 2208 prae-

138 2214 318 2285 teritorum
347 2215 524 2282 criminum
555 2215 694 2287 vincula
720 2218 884 2289 relaxare
912 2218 1084 2310 digneris,
1121 2219 1178 2311 qui
1208 2215 1359 2288 humeris
1392 2216 1460 2286 tuis

141 2334 244 2386 ovem
268 2310 436 2407 perditam
459 2309 629 2383 reduxisti
655 2318 699 2391 ad
728 2321 863 2408 caulas,
896 2330 930 2392 et
958 2318 1131 2415 publicani
1157 2340 1282 2415 preces
1304 2317 1461 2414 placatus

141 2414 330 2488 exaudisti:
352 2423 388 2486 ιιι
406 2415 507 2484 etiam
521 2411 668 2484 Domine
688 2410 740 2483 his
761 2420 896 2495 famulis
914 2425 981 2494 tuis
1001 2421 1159 2517 placare:
1182 2429 1219 2490 ιιι
1241 2419 1363 2492 horum
1383 2441 1461 2515 pre

142 2517 239 2590 cibus
267 2516 437 2610 benignus
463 2516 604 2587 assiste:
638 2524 675 2584 ut
696 2516 732 2584 in
755 2515 976 2588 confessicae
1000 2520 1106 2593 flebili
1127 2531 1369 2618 permanentes
1390 2521 1461 2592 cle-

141 2621 302 2691 mentiam
327 2628 420 2690 tuam
443 2617 605 2689 celeriter
632 2625 780 2687 exorent
806 2637 848 2686 ac
874 2620 1000 2691 sanctis
1028 2617 1189 2701 altaribus
1215 2626 1365 2698 restituti
1387 2622 1462 2719 spei

142 2743 263 2794 rursus
284 2730 448 2792 aeternae
471 2742 512 2790 ae
538 2721 684 2791 coelesti
710 2719 844 2811 gloriae
863 2718 1105 2790 reformentur.
1158 2718 1279 2823 Per.⁶)

244 2823 341 2895 Deus
368 2823 506 2893 humani
532 2823 671 2912 generis
697 2820 943 2912 benignissime
974 2821 1130 2892 conditor
1157 2831 1192 2893 et
1214 2826 1462 2901 misericordis-

45 2964 55 2968 -
142 2928 228 3000 sime
254 2920 515 3019 reformator‚⁶)
544 2927 600 3016 qui
622 2922 794 2993 hominem
816 2924 944 2995 invidia
971 2923 1098 2995 diaboli
1121 2923 1163 2994 ab
1184 2931 1384 3001 aeternitate
1403 2930 1462 3017 de·

142 3028 269 3099 iectum
287 3021 379 3097 unici
398 3024 458 3095 lilii
472 3022 561 3120 tui⁷)
580 3025 747 3116 sanguine
764 3024 958 3100 redemistis
977 3025 1115 3098 vivilica
1133 3025 1197 3101 hos
1210 3027 1357 3100 famulos
1370 3041 1462 3122 tuos,

143 3151 231 3226 quos
256 3129 318 3201 tibi
340 3127 535 3199 nullatenus
552 3129 641 3199 mori
663 3127 840 3202 desideras
862 3139 897 3201 ct
923 3130 981 3225 qui
1001 3151 1072 3202 uon
1095 3129 1304 3224 derelinquis
1327 3129 1469 3220 devios,'

143 3254 280 3306 assume
294 3227 526 3326 correctos.⁸)
555 3227 721 3302 Moveant
738 3233 899 3326 pictatem
917 3241 1021 3322 tuam,
1040 3229 1286 3328 quaesumus⁰)
1301 3232 1460 3320 Domine,

143 3334 266 3405 horam
285 3332 493 3405 famulorum
514 3342 651 3404 tuorum
666 3334 848 3411 lacrimosa
868 3336 1033 3428 suspiria,
1061 3345 1098 3406 tu
1123 3354 1244 3406 eorum
1261 3333 1400 3419 medere
1408 3329 1464 3418 10)

90 3430 111 3448 ”
143 3435 358 3526 vulneribus,
379 3444 417 3508 tu
438 3434 629 3510 iacentibus
637 3432 685 3532 11)
711 3455 847 3506 manum
865 3437 1009 3531 porrige
1031 3435 1229 3527 salutarem,
1248 3458 1293 3508 ne
1313 3434 1466 3508 eeclesia

30 3540 32 3547 ’
144 3548 203 3610 tua
225 3538 337 3632 aliqua
364 3541 418 3612 sui
443 3540 601 3634 corporis
626 3539 787 3633 portione
814 3546 982 3627 vastetur,
1002 3533 1111 3634 ·ne1²)
1140 3561 1230 3632 grex
1254 3548 1334 3612 tuus
1361 3537 1466 3612 detri-

144 3648 295 3711 'mentum
316 3643 500 3739 sustineam
527 3661 572 3711 ne
593 3638 637 3710 de
657 3638 806 3711 familiae
828 3649 908 3711 tuae
931 3639 1055 3710 damno
1078 3643 1234 3714 inimicus
1251 3641 1399 3730 exultet,
1418 3663 1465 3712 ne

144 3738 341 3829 renatos‘13)
362 3741 504 3814 lavacro
526 3743 667 3815 salutari
688 3762 782 3815 mors
800 3740 952 3816 secunda
972 3742 1157 3838 possideat.
1195 3739 1272 3815 Tibi
1290 3764 1377 3835 ergo
1392 3743 1466 3814 Do-

144 3847 236 3916 mine
263 3842 436 3940 supplices
461 3844 633 3918 fundimus
651 3841 803 3939 preces,
824 3843 886 3916 tibi
910 3840 1027 3915 fletum
1050 3845 1164 3917 cordis
1188 3845 1404 3935 effundimus,
1426 3854 1467 3916 tu

143 3968 251 4044 parce
270 3943 592 4043 confitentihumfl)
617 3954 658 4016 ut
680 3945 930 4020 imminentibus
952 3960 1089 4042 poenae
1110 3948 1333 4037 sententiam,
1359 3946 1467 4018 futuri

209 4151 338 4228 i)-Greg.
354 4160 388 4210 ut
402 4170 507 4231 quem.
531 4149 563 4230 ι’)
575 4152 634 4211 (iel.
647 4153 735 4227 (ἕως.
749 4153 828 4212 lruic
842 4155 970 4213 lamule
983 4161 1054 4217 tuo.
1075 4151 1107 4232 3)
1118 4154 1177 4213 Gcl.
1191 4152 1274 4227 Greg.
1291 4153 1466 4210 deviaret

145 4233 178 4302 4)
196 4234 254 4295 uel.
266 4236 349 4308 (dreg.
363 4233 542 4297 ‘reddatur
563 4238 741 4300 innoxius.
768 4235 1181 4317 e)1atlreg.atoel.0misaa.
1218 4237 1322 4315 6)‚Gel.
1339 4241 1469 4295 lermo-

147 4321 211 4375 tor.
238 4317 268 4395 7)
284 4320 342 4381 Gel.
358 4323 455 4387 unici
475 4323 536 4379 lui
552 4322 586 4408 8)
602 4324 660 4380 liel.
677 4323 828 4383 uivilica
842 4326 964 4400 itaque
979 4343 1078 4400 quem
1093 4357 1135 4368 —
1149 4325 1340 4383 desideras
1353 4355 1395 4365 —
1408 4322 1469 4406 de·

146 4401 435 4464 vium-assume
450 4414 665 4481 correptum.
685 4408 1047 4480 Greg.hpnelamulum
1063 4407 1469 4487 tuumquem-devium

148 4517 185 4526 —-
203 4487 418 4547 correctum.
449 4489 480 4565 9)
498 4492 556 4548 Gcl.
570 4489 653 4563 Greg.
669 4492 769 4548 huius
782 4493 906 4550 famuli
928 4494 985 4551 lui.
1009 4487 1468 4570 10)Gel.Greg.'eius.11)Gel.

144 4569 1469 4654 Drepiaccuti.12)Gcl.nac.18)Gel.liteg.renatum.14)Gal.lireg.coniitenti.
