3202 5176
769 266 819 336 88

332 432 566 509 ROMANUS.
964 428 1316 508 Anonostnrtos,

131 560 381 646 tractandoeet
399 559 560 650 mqaead
567 557 765 628 atteiensem
816 553 947 624 clarum
962 548 1137 624 Calicem
1127 564 1323 629 rnsnnctns
1342 576 1457 628 nove·

132 664 313 754 dipitoram
380 658 471 730 Taac
500 661 624 730 detecto
652 660 765 730 Calice
815 655 988 729 nerabiles
1009 676 1129 729 manus
1150 678 1251 749 suas,
1279 659 1372 729 item
1402 660 1457 735 tibi

133 766 229 834 dicit:
816 761 944 850 gratias
964 777 1072 876 agens
1090 757 1271 830 benedixit
1288 759 1457 857 deditque

187 862 413 935 Similimodo
430 872 611 959 postquam
639 884 764 933 coena·
817 860 992 955 discipulis
1017 862 1088 932 suis
1115 860 1255 934 dicens.
1291 861 1457 960 Accipite

133 977 202 1037 tum
224 976 276 1038 est
302 966 462 1038 ambabus
476 966 627 1036 masta
646 970 767 1060 accipit
817 971 851 1032 et
863 961 968 1033 bibite
983 983 1029 1031 ex
1043 983 1086 1032 eo
1101 984 1229 1035 omnes

133 1067 764 1163 wioniaccipiensetbnncpraecla-

133 1191 210 1240 rum
220 1167 765 1242 Caliceminsanctasacuenera-
867 1160 942 1236 Hic
955 1169 1011 1234 est
1033 1158 1126 1235 enim
1148 1159 1253 1235 Galix
1266 1163 1457 1261 sanguinis

133 1270 223 1344 biles
240 1292 358 1343 manus
373 1293 453 1343 suas
467 1274 547 1341 item
561 1270 622 1341 tibi
636 1275 765 1362 gratias
815 1264 899 1359 mei,
919 1262 1004 1338 novi
1018 1271 1056 1335 et
1074 1263 1210 1337 aeterni
1228 1268 1456 1383 minent,

113 1394 244 1464 ,agens
277 1375 424 1445 Sinistra
466 1382 579 1444 tenena
621 1374 766 1444 Calicem
816 1365 1029 1468 mysterium
1048 1364 1155 1440 fideii
1142 1364 1241 1465 .qni
1257 1389 1335 1465 pro
1354 1370 1455 1447 vobis

134 1476 258 1545 dectra
275 1479 386 1567 sipoat
413 1499 513 1567 saper
535 1499 607 1545 eom
629 1474 765 1569 bene†
817 1480 854 1544 et
872 1492 938 1568 pro
960 1466 1081 1545 multis
1101 1467 1355 1548 effundetur
1342 1498 1383 1549 ιιι
1402 1499 1454 1548 re-

136 1575 233 1665 dixit
253 1576 414 1669 deditque
429 1575 604 1669 discipulis
626 1579 697 1649 suis
717 1576 766 1646 di·
816 1571 1020 1646 missionem
1035 1582 1280 1670 peccatorum.

134 1699 235 1749 cens.
271 1677 431 1772 Accipite
458 1688 492 1748 et
515 1676 620 1747 bibite
647 1700 694 1748 ex
721 1701 764 1750 eo
1067 1748 1072 1753 .

134 1801 262 1851 omnes.
868 1781 1012 1851 luteola
1025 1778 1182 1848 Pamelii:

183 1883 320 1975 Profert
357 1881 462 1951 cerba
485 1875 766 1954 ¹Cossaeoratioois

131 1994 257 2056 secede
279 2006 379 2077 saper
391 1983 536 2055 Calicem
549 1987 766 2058 immittam

130 2111 253 2180 pamm
265 2089 435 2159 elevatam
868 2084 964 2155 llaec
996 2086 1266 2178 quotiescunque
1298 2085 1452 2161 feceritis

182 2185 260 2259 Hic
284 2194 341 2260 est
370 2183 464 2257 enim
488 2183 591 2257 Galix
619 2186 765 2283 sangui-
817 2191 851 2258 in
867 2190 934 2258 mei
947 2189 1145 2256 memoriam
1162 2184 1318 2260 facietis.
1405 2258 1411 2269 ,

133 2287 189 2361 nis
209 2288 300 2391 mei,
328 2285 411 2362 novi
436 2295 474 2359 et
495 2286 630 2361 aeterni
656 2297 767 2363 testo·

133 2390 257 2488 menti,
272 2387 483 2492 mysterium
496 2388 602 2462 fidei.
625 2415 685 2488 qu1
699 2418 765 2491 pro

132 2492 234 2569 robis
259 2502 298 2567 et
323 2518 390 2592 pro
414 2490 533 2569 multis
560 2493 765 2572 ellundetnr
869 2492 933 2588 [Ut
940 2497 1075 2588 plorimi
1085 2499 1227 2567 sentiant
1240 2495 1377 2568 Tectae
1389 2497 1450 2594 l'a

849 1930 924 2006 Hic
950 1939 1007 2004 est
1026 1925 1119 2003 enim
1139 1925 1288 2024 sanguis
1309 1953 1429 2007 meus.

9 2633 12 2637 ·
130 2595 167 2669 in
186 2596 430 2672 remissionem
452 2603 695 2694 peccatorum.
755 2592 761 2603 '
816 2599 882 2668 mel
880 2602 906 2668 ii
925 2606 975 2668 eet
995 2602 1160 2691 antiquior
1186 2621 1228 2668 ac
1245 2601 1451 2692 postmodam

182 2702 328 2774 Pietatis
359 2703 470 2774 serbis
499 2702 765 2775 ConsecraDooie
815 2701 991 2771 Ronmaae
1015 2701 1236 2772 eonmebediai
1268 2724 1451 2777 sonoroso-

21 2872 24 2879 .
130 2805 262 2897 deponit
288 2807 432 2877 Calicem
454 2827 555 2896 super
579 2805 765 2898 Corporale
815 2805 917 2874 datae.
945 2803 1166 2895 &scopatam
1184 2811 1450 2879 emmammea

131 2914 165 2976 et
176 2907 288 2977 dicem
299 2917 441 2978 secede:
815 2905 1295 2999 dieomtmdmooiisiml
1301 2908 1450 2981 Samios:

182 3006 277 3078 Haec
309 3011 581 3102 quotiescunque
612 3004 764 3084 feceritis
815 3011 883 3078 iam
913 3012 949 3078 ia
982 3011 1227 3101 ampaoomie
1246 3006 1450 3082 maai

130 3132 165 3179 m
178 3132 246 3180 men
260 3128 460 3179 memoriam
475 3105 617 3178 lucretis
814 3108 1449 3204 Romaoameoestaresormalamaata-

181 3211 762 3304 Geoosleaaeadoratmrpt‘qosteo
814 3221 890 3282 mat.
938 3213 987 3305 Cf.
1015 3212 1195 3282 Maratorii
1215 3211 1278 3284 D‘t.
1301 3213 1403 3286 Rom.
1423 3215 1446 3287 1.

130 3312 179 3380 dit
202 3313 347 3405 popolo,
381 3314 529 3406 deponit,
560 3321 705 3410 cooperit
731 3327 764 3388 et
810 3338 842 3406 p.
860 3314 1002 3406 l3dsqq.
1028 3313 1448 3388 AtaeroioPeeadoAm

129 3417 245 3484 iterum
262 3416 391 3486 adorat.
422 3462 426 3469 -
523 3417 529 3426 ’
813 3415 1448 3506 brosioeeetatsormalaPaoaelii.Bio

752 3603 757 3612 ¹
812 3520 908 3587 terim
920 3519 940 3586 l.
956 3541 981 3588 o.
994 3542 1026 3610 p.
1043 3515 1119 3609 tt]

120 3770 307 3948 dmleldllll.
333 3776 463 3850 Deinde
481 3783 598 3852 iunctis
610 3778 760 3850 munibat

177 4025 276 4098 Unde
295 4038 329 4099 et
347 4052 518 4106 memores
532 4032 679 4102 Domine
693 4053 757 4107 nos
862 4031 959 4104 Unde
980 4043 1014 4103 et
1027 4054 1199 4106 memores
1212 4033 1369 4107 Domine
1387 4057 1448 4112 nos

112 4132 220 4211 ,servi
232 4133 294 4219 tui,
313 4132 375 4203 sed
396 4142 430 4204 et
446 4133 546 4228 plebs
560 4143 617 4205 tua
639 4145 757 4207 sancta
810 4139 905 4209 servi
919 4138 979 4224 tui„
998 4138 1060 4208 sed
1082 4146 1115 4207 et
1136 4133 1235 4230 plebs
1249 4143 1310 4206 tua
1325 4147 1446 4212 sancta

101 4220 279 4303 'eiusdem
299 4230 424 4307 Christi
451 4234 529 4305 Filii
547 4240 596 4306 tui
620 4237 757 4308 Domini
810 4238 964 4311 eiusdem
987 4235 1112 4311 Christi
1133 4237 1211 4308 Filii
1233 4239 1284 4308 tui
1306 4237 1448 4313 Domini

34 4380 53 4409 ,
124 4336 234 4403 nostri
256 4343 323 4405 tam
347 4335 470 4407 beatae
494 4341 664 4430 passionis
690 4362 757 4410 nec
809 4343 917 4414 nostri
938 4349 1006 4410 tam
1028 4340 1150 4411 beatae
1170 4340 1362 4436 passionis,
1384 4364 1447 4415 neo

123 4434 193 4503 rt'on
207 4433 250 4505 ab
271 4436 388 4511 inferis
401 4442 679 4530 resurrectionis,
693 4441 756 4514 sed
809 4463 878 4513 non
896 4442 937 4512 ab
952 4441 1070 4515 inferis
1086 4442 1373 4534 resurrectionis,
1387 4442 1448 4520 sed

123 4537 176 4603 et
168 4557 202 4604 m
211 4536 753 4630 caelosglariasaeascensnoms
809 4544 1449 4658 etincoelosgloriosaeascensionist
