3202 5176
707 360 765 399 '¹
836 361 908 431 150

323 559 456 620 xxxix.
493 559 592 620 Oratio
622 557 777 617 Placeat
798 554 869 615 tibi
891 556 921 616 in
941 554 1074 634 plurimis
1095 555 1190 633 iisque
1215 553 1444 616 vetustissimi·
1459 553 1532 618 'libris

222 666 303 725 iuxta
325 663 498 723 hodiernum
519 678 601 721 usum
621 665 749 720 notatur.
791 655 895 718 Exstat
916 659 985 717 item
1008 658 1038 717 io
1061 657 1148 717 ilissa
1166 655 1302 735 lllyrici,
1326 654 1388 718 aed
1411 657 1456 717 uti
1475 659 1533 720 solet

222 766 354 841 adiungit
368 764 466 824 aliam:
496 760 611 822 Meritis
633 767 663 820 ei
679 756 944 819 intercessionibus
961 758 1068 819 decide
1088 755 1206 819 Murice
1226 749 1357 845 temper
1375 757 1533 837 ciminia

198 852 346 929 'mierum
369 871 398 925 et
420 865 550 925 omilium
570 862 751 924 Sanctorum
771 868 891 921 tuorum
914 860 1094 922 miserentur
1113 858 1211 922 nomi
1236 861 1444 939 ornnipolem
1462 860 1532 926 neu.

222 968 351 1030 Eandem
366 967 465 1044 habet,
480 969 588 1029 omisso
604 976 701 1027 tamen
714 964 877 1026 Placeat
890 963 978 1025 hlissa
992 963 1144 1025 lluratorii
1159 962 1354 1026 lluliueusis.

323 1071 465 1149 Sequitur
478 1071 636 1130 recentiori
652 1071 708 1128 ritu
718 1067 889 1127 Benedictio
907 1067 1019 1146 populi,
1030 1084 1114 1145 qnam
1129 1065 1198 1128 olim
1213 1074 1285 1126 ante
1298 1063 1532 1128 Commnoiomu

221 1172 323 1250 largiri
339 1171 454 1233 solebat
468 1171 645 1251 Episcopus.
680 1169 749 1245 llla,
773 1179 908 1247 quaeest
924 1168 1111 1248 presbyteri,
1131 1167 1242 1247 legitur
1255 1170 1288 1228 in
1310 1167 1423 1229 tabula
1438 1176 1531 1229 nostn:

222 1274 439 1354 Episcoporum
451 1273 507 1332 alia
522 1283 567 1333 cat
581 1291 664 1351 quam
682 1273 728 1331 hic
744 1288 897 1350 apponere
911 1273 991 1330 iuvat
1006 1269 1261 1331 oxGasrimooiali
1278 1268 1463 1333 lionaatico
1478 1268 1532 1331 Cor·

223 1367 881 1453 gregationianrsieldensisColoniae1684
897 1393 924 1454 p.
933 1370 1009 1435 273:
1024 1373 1110 1433 Dicto
1124 1373 1285 1434 Placeat
1301 1372 1417 1433 Abhas
1431 1379 1505 1431 stars
1515 1374 1533 1431 iu

224 1477 320 1538 medio
336 1477 454 1552 altaris,
476 1478 611 1555 imposita
625 1476 681 1536 sihi
697 1495 712 1535 a
726 1475 858 1535 Diacono
874 1478 956 1536 mitra
976 1476 1047 1536 dicit
1060 1477 1089 1534 iu
1105 1483 1193 1535 tono:
1225 1472 1274 1535 sit
1294 1490 1418 1535 mamert
1438 1471 1533 1534 Domiti

224 1577 426 1654 benedictum,
453 1578 563 1657 pollice
591 1577 696 1638 dextro
717 1578 805 1653 siguo
827 1581 921 1638 crucis
941 1579 997 1638 sihi
1019 1579 1047 1636 iu
1075 1586 1197 1657 pectore
1225 1594 1374 1657 ponens,
1407 1577 1532 1637 sinistrae

224 1682 340 1741 interim
359 1697 448 1760 super
462 1680 553 1740 altare
568 1689 689 1750 tenens,
706 1680 830 1759 dumque
856 1700 872 1741 n
893 1681 985 1743 choro
1011 1679 1226 1760 respondetur:
1253 1664 1318 1739 tuc'
1336 1677 1404 1739 troc
1421 1683 1534 1739 nancel

222 1799 318 1862 usqae
337 1782 369 1841 in
388 1781 551 1843 caecatum.
586 1781 702 1843 Deinde
726 1790 846 1842 cantans
865 1779 1056 1842 Adiutorictm
1073 1786 1210 1842 nostrum
1228 1779 1261 1841 in
1279 1779 1416 1842 nomme
1437 1778 1534 1845 Dima

223 1883 327 1946 dextra
346 1903 379 1945 se
401 1887 500 1963 signat
521 1903 537 1944 a
558 1885 657 1947 fronte
678 1884 713 1945 ad
737 1893 858 1963 pectus,
879 1884 1001 1945 eandem
1022 1885 1126 1944 iterum
1151 1901 1241 1963 super
1259 1883 1366 1945 altare
1392 1900 1533 1964 reponem,

224 1985 290 2046 dum
311 2005 328 2047 a
349 1987 441 2047 choro
460 1986 658 2066 respondetur
678 1983 739 2058 Qct
751 1983 824 2062 senil
843 1985 957 2046 coelam
976 1991 1007 2045 el
1027 1990 1149 2046 terrum.
1195 1984 1279 2046 Tunc
1306 1994 1440 2047 cantans
1460 1982 1531 2046 nee·

223 2085 379 2148 diculneo
400 2087 583 2164 conciperem
603 2087 688 2150 Deae
710 2088 813 2150 oculos
835 2099 864 2150 ct
885 2107 985 2151 manus
1006 2088 1092 2150 simul
1111 2088 1147 2149 ad
1167 2087 1284 2149 coelum
1311 2088 1444 2164 elevat,
1467 2097 1533 2168 caput

224 2191 303 2250 cruci
315 2189 459 2251 inclinans
478 2200 508 2251 et
521 2209 606 2250 mauu
620 2192 739 2251 sinistra
760 2193 908 2271 accipiens
931 2190 1062 2252 baculum
1083 2190 1258 2271 pastoralem
1277 2189 1443 2275 benedicit
1460 2208 1532 2271 popu·

225 2291 284 2353 lum
299 2301 344 2352 ter
357 2292 469 2353 iaciens
482 2294 597 2369 siguum
609 2294 713 2368 crucis,
722 2294 815 2372 primo
831 2313 935 2355 versus
949 2293 1025 2353 latus
1038 2292 1192 2371 Epistulae
1206 2291 1313 2353 dicens
1326 2290 1439 2370 Pater,
1446 2291 1532 2353 deinde

225 2394 337 2457 directe
356 2395 391 2456 ad
405 2393 545 2475 populum
569 2396 598 2454 iu
625 2393 721 2455 medio
749 2395 850 2456 dicens
877 2394 989 2471 Filias,
1017 2395 1132 2457 tandem
1154 2412 1258 2457 versus
1285 2393 1372 2457 latus
1396 2393 1531 2473 Evangelii

225 2496 327 2558 dicens
341 2500 371 2556 el
386 2495 517 2575 Spiritus
530 2495 661 2558 Sanctae
675 2498 856 2577 perficiendo
874 2498 1024 2559 circulum.

326 2599 385 2660 Sed
399 2602 429 2660 in
443 2599 498 2660 hau
512 2618 630 2680 qnoque
644 2600 751 2664 Missae
767 2610 850 2679 parte
864 2620 880 2660 a
900 2599 1053 2661 Clemente
1066 2597 1144 2660 Vlll·
1159 2598 1274 2659 demum
1296 2598 1463 2661 noiiormis
1475 2596 1529 2657 ratio

222 2701 350 2762 stabilita
371 2711 425 2765 est.
465 2702 581 2763 Etenim
604 2702 682 2784 'apud
700 2705 836 2782 antiquos
855 2703 902 2762 vel
925 2704 1059 2763 diversae
1076 2704 1104 2761 io
1121 2719 1174 2761 usu
1191 2709 1276 2761 erant
1296 2699 1529 2763 Benedictiounn

222 2802 384 2880 formulae,
406 2815 437 2863 ut
458 2805 546 2865 haec:
576 2801 705 2864 Caelesti
724 2803 925 2864 benedictione
947 2803 1102 2865 benedicat
1121 2807 1150 2861 et
1176 2801 1334 2861 custodiet
1363 2820 1425 2865 voa
1444 2801 1530 2863 metm

142 2916 146 2921 ·
223 2904 368 2962 maiestas
384 2910 413 2962 et
425 2921 488 2963 mon
500 2904 616 2979 Deitas,
635 2903 734 2981 Palen,
756 2905 849 2965 Filius
862 2914 892 2965 ct
909 2906 1040 2983 Spiritus
1052 2904 1198 2966 Sanciae:
1213 2935 1257 2969 ,-
1280 2904 1333 2964 vel
1360 2906 1528 2977 Benedictio,

225 3024 300 3084 qnae
318 3005 407 3067 hodie
421 3005 580 3085 Episcopis
596 3015 642 3067 est
658 3010 788 3087 propria,
804 3009 986 3088 presbyteris
1001 3027 1118 3088 quoquc
1133 3007 1297 3067 communis
1312 3017 1377 3068 est.
1410 3009 1457 3069 De
1470 3007 1529 3066 urhis

224 3106 380 3169 Remensis
407 3108 634 3187 metropolitano
660 3109 785 3171 ecclesia
816 3112 909 3171 relert
935 3111 1056 3172 Ruinart
1082 3113 1111 3169 iu
1132 3111 1238 3169 itinere
1264 3126 1323 3189 per
1351 3109 1493 3171 hisatium
1511 3115 1528 3167 et

223 3209 463 3287 lotharingiam,
489 3212 519 3271 in
538 3212 595 3271 fine
616 3212 722 3271 missae
743 3216 887 3273 nemiuem
912 3231 1036 3292 unquam
1066 3213 1123 3271 uisi
1150 3209 1431 3292 drehiepiscopum
1460 3211 1528 3272 hem·

225 3310 336 3387 dicere,
351 3309 404 3372 sed
418 3312 495 3373 dicto
511 3331 564 3392 per
582 3313 744 3375 Diaconum
757 3315 802 3377 Ile
816 3316 911 3376 misac
923 3322 978 3391 ecl,
998 3316 1052 3374 uisi
1068 3314 1143 3374 adsit
1155 3312 1432 3397 Archiepiscopus,
1448 3329 1527 3375 omna

225 3412 254 3472 in
274 3414 436 3475 sacristiam
457 3417 578 3477 reverti.
619 3415 651 3476 lu
674 3418 802 3480 ecclesia
815 3417 1055 3479 llutisiodorensi
1070 3416 1101 3476 S.
1117 3414 1257 3496 Stephani
1273 3412 1479 3479 Sacerdotem
1490 3431 1528 3475 uec

226 3513 462 3578 benedictionem
483 3517 552 3579 dare
573 3537 629 3578 uec
643 3517 837 3599 Evangelium
858 3521 888 3580 S.
907 3520 1024 3581 Ioannis
1046 3518 1082 3580 ad
1102 3517 1193 3578 altare
1214 3516 1317 3577 dicere
1341 3519 1486 3598 perhibet
1500 3516 1527 3578 ilc

225 3614 343 3678 lloleou
360 3619 390 3678 in
404 3620 510 3696 itinere
528 3620 678 3697 liturgico.

327 3718 473 3798 lionachi,
490 3732 519 3783 ut
533 3722 642 3801 solent,
654 3741 713 3783 non
729 3723 916 3784 mediocriter
929 3724 965 3785 ab
981 3723 1182 3786 ecclesiastica
1198 3720 1426 3787 consuetudine
1441 3718 1529 3780 dinem

226 3829 304 3899 pant.
325 3821 392 3883 Ritu
407 3826 500 3883 veteri
511 3824 770 3906 Cistercieosi,qni
789 3827 1034 3902 nuncahrogatus
1050 3825 1193 3902 est,uulla
1209 3831 1305 3883 exstat
1322 3824 1356 3883 in
1371 3820 1530 3885 liuellissan

224 3920 408 4002 Benedictio,
429 3925 482 3985 sed
498 3928 643 3987 Sacerdos
657 3928 734 3987 dicta
748 3929 882 3988 oratione
901 3927 1058 3988 Placeat
1073 3927 1222 3988 osculatur
1235 3924 1331 3985 altare
1348 3926 1474 3990 diceus:
1487 3917 1529 3982 tls·

224 4023 292 4083 ritis
316 4031 347 4084 et
368 4026 511 4102 precibus
534 4030 662 4089 mineum
684 4035 714 4090 ei
733 4029 863 4090 omnnium
881 4027 1063 4089 Scrcclorum
1085 4046 1211 4089 caeram
1233 4027 1429 4087 misereatur
1454 4019 1531 4086 coslo

224 4127 409 4205 ommipotens
421 4129 514 4192 Deus.
541 4128 644 4190 Amen.
679 4133 787 4212 Sicque
803 4135 923 4209 signans
939 4151 972 4192 se
988 4142 1017 4192 et
1031 4132 1176 4193 inclinans
1190 4128 1314 4191 recedit.
1355 4129 1478 4191 Eodem
1490 4128 1530 4187 ιίιι

224 4239 343 4291 utuntur
357 4230 550 4293 Carthasiaui.
580 4232 754 4295 Carmelitae
770 4244 837 4313 post
854 4235 1095 4297 benedictionem
1107 4243 1177 4295 ante
1190 4230 1317 4294 medium
1333 4231 1445 4293 altaris
1459 4245 1530 4309 geru·

225 4329 294 4390 ilexi
317 4332 416 4394 dicunt
438 4335 635 4413 Antiphonem
661 4336 939 4414 Salvereginn
966 4355 1031 4398 cum
1057 4355 1152 4398 versu
1174 4344 1204 4395 et
1223 4334 1381 4395 oratioue:
1413 4343 1531 4413 tempore

225 4433 354 4511 paschali
368 4445 464 4496 autem
478 4435 577 4496 dicunt
592 4447 716 4497 stantes:
741 4437 893 4515 Regina
916 4458 958 4500 co
969 4439 1030 4510 eli.
1065 4429 1159 4499 'Bono
1174 4437 1193 4497 1.
1210 4455 1236 4496 c.
1248 4412 1288 4496 ll.
1303 4453 1332 4495 c.
1347 4431 1405 4501 20.

326 4535 385 4597 XL.
407 4537 523 4599 Initium
539 4538 694 4616 Evangelii
707 4540 739 4602 S.
752 4540 880 4618 loannis,
895 4543 924 4603 iu
936 4561 994 4621 quo
1011 4541 1078 4605 lidei
1094 4540 1261 4618 orthodoxa
1275 4531 1532 4621 &reciperatum

227 4637 368 4716 quaedam
389 4641 574 4733 continetur,
598 4660 637 4702 ex
654 4636 1065 4726 antiquissimis-temporibus
1088 4642 1232 4722 singulari
1250 4628 1455 4705 obseruantia
1474 4633 1532 4723 apti
