3210 5168
764 337 863 408 148·

143 535 222 613 gulis
237 535 329 613 dicat:
350 532 467 614 Corpus
484 531 604 599 Domini
616 531 767 595 custodiat
780 538 834 594 etc.
854 531 980 599 ,Oratioz
1000 528 1087 595 Deus
1098 524 1151 610 qui
1161 531 1248 605 nobie
1267 529 1327 594 snb
1345 532 1460 603 Sceno-

141 644 238 699 mento
253 644 308 698 etc.
327 648 395 717 poet
410 616 661 702 Comm'antonem.
699 635 867 699 Conversus
885 636 920 698 ad
935 635 1075 716 populum
1091 633 1262 733 benedicat:
1281 628 1460 698 Benedictio

140 739 229 803 ltei†
244 738 344 800 rann
364 747 393 798 et
413 738 449 799 Fi
461 741 478 802 †
492 739 524 799 tii
548 744 577 798 et
588 736 726 821 ⁴Spiritus
737 740 757 802 'i
770 737 876 800 Sunoti
888 735 1057 798 ¹descendat
1075 742 1132 798 etc.
1153 767 1190 804 :—
1211 739 1460 820 Quotiescunque

142 843 276 903 defertur
294 842 324 901 S.
341 841 523 902 Eucharistia
545 841 580 901 ab
602 859 661 902 uuo
681 841 750 902 ioco
771 842 808 902 ad
828 842 915 902 oliam
936 835 969 917 l)
984 839 1124 901 candelae
1137 836 1290 903 accensae
1307 843 1462 931 praeterii

141 963 175 1004 ao
189 945 303 1003 sonitus
324 935 511 1023 campanulae
526 941 618 1005 audiri
638 943 758 1021 debent,
781 941 816 1018 2)
833 943 919 1004 hexis
938 942 1065 1020 genibus
1080 940 1263 1006 Eucharistia
1285 943 1462 1024 accipienda

140 1054 239 1125 atque,
251 1045 394 1106 habeatur
416 1065 521 1126 mappa
536 1044 641 1106 munda
661 1047 739 1107 inter
758 1037 1019 1107 communicantem
1037 1053 1067 1105 et
1089 1044 1292 1107 Sacerdotem.
1314 1032 1358 1120 3)
1373 1046 1459 1106 Prae·

141 1147 266 1209 beantur
281 1143 323 1207 ¹iu
350 1166 423 1209 vase
449 1149 579 1210 honesto
605 1148 716 1209 ablutio
743 1148 778 1209 ab
799 1146 1021 1209 honestioribus
1045 1154 1081 1206 et·
1100 1164 1206 1228 mappo
1229 1143 1336 1210 munds
1362 1148 1400 1208 od
1424 1166 1459 1209 os

94 1256 96 1261 ’
140 1248 378 1329 abstergendum.
413 1245 449 1326 4)
462 1252 607 1329 Percepta
619 1252 652 1337 S·
667 1250 851 1312 Eucharistia
864 1267 1010 1311 memores
1025 1248 1176 1312 Passionis
1191 1250 1310 1312 Domini
1325 1267 1387 1312 non
1403 1259 1460 1319 stu·

140 1353 192 1414 tim
205 1351 346 1421 recedant
361 1370 398 1416 ex
414 1353 550 1421 ecclesia.
654 1366 661 1377 ·
970 1330 978 1345 ’

168 1479 1426 1606 ExRitualiloanuisPhilippiArchiepiscopibloguutiniliitl.
1465 1480 1470 1491 Ι

129 1640 132 1647 ’
189 1644 195 1655 ’
245 1658 379 1719 Minister
394 1659 479 1720 flexis
494 1660 621 1737 genibus
641 1661 760 1721 nomine
774 1661 877 1742 populi
894 1660 988 1722 dicat:
1008 1654 1160 1737 Confiteor
1175 1656 1319 1728 Dedetc.
1350 1658 1471 1720 Sacer·

142 1743 212 1822 dos':
238 1742 422 1821 miseremur
442 1771 472 1822 et
484 1760 711 1840 Indeipenticm.
754 1759 833 1824 Ecce
847 1760 949 1841 Apum
965 1759 1040 1839 Dei,
1056 1765 1129 1821 ecce
1144 1760 1199 1839 qni
1209 1759 1285 1822 toltit
1298 1766 1371 1837 etc,
1390 1761 1459 1821 dum

122 1925 127 1934 ,
141 1862 256 1951 duobus
274 1864 375 1942 digitis
395 1863 524 1925 ostendit
538 1874 759 1926 sacramentum.
793 1864 881 1926 Siebe
902 1865 959 1925 dee
972 1862 1067 1926 Lumb
1080 1856 1203 1924 Gottea:
1225 1862 1308 1924 siche
1324 1862 1382 1923 der
1394 1861 1457 1922 hin·
1483 1928 1489 1939 .

142 1965 310 2043 depriment
329 1971 384 2025 etc.
428 1964 492 2026 Hoc
518 1976 565 2029 ter
584 1976 710 2047 repetat:
749 1966 936 2029 Distribuens
963 1966 1085 2046 incipiat
1112 1962 1261 2046 exparte
1292 1965 1458 2047 Epistotae.

141 2066 329 2128 Distribuens
353 2070 512 2147 uuicuique
539 2069 965 2149 porrigendo‘Sacramentum
989 2070 1078 2130 iaciat
1104 2068 1220 2144 signum
1247 2070 1343 2129 crucis
1368 2085 1461 2147 super

129 2169 272 2249 ,pixidem
295 2189 358 2230 cum
380 2170 573 2233 sanctissimo
584 2172 686 2232 dicat:
714 2168 833 2251 Corpus
854 2170 975 2249 Domini
998 2169 1097 2232 nostri
1105 2158 1193 2230 lesit
1216 2165 1330 2230 Christi
1355 2176 1457 2230 custo·

141 2270 205 2331 dict
233 2278 288 2333 etc.
335 2272 481 2362 Sacerdos
509 2283 629 2352 peracta
653 2273 859 2337 distributione
885 2293 1025 2335 reversus
1050 2271 1086 2333 nd
1110 2271 1202 2333 altore
1221 2270 1320 2334 dicere
1343 2274 1460 2352 poterit

141 2356 339 2453 Antiphonem
366 2371 537 2435 Oscorum
556 2370 726 2438 concivium
752 2383 808 2438 etc.
830 2384 860 2457 et
880 2377 1068 2439 Orationem:
1097 2372 1184 2437 Dono
1209 2373 1261 2452 pei
1279 2357 1371 2434 nobie
1389 2379 1461 2450 etc,
1488 2386 1497 2401 ·

106 2506 110 2511 ·
141 2470 276 2557 tempor'e
304 2476 454 2539 Paschali:
488 2477 634 2556 Spiritum
657 2479 744 2541 nobis
766 2478 892 2542 Domine
919 2484 974 2538 etc.
1019 2477 1181 2538 Ablutioue
1205 2476 1364 2554 digitorum
1383 2477 1458 2537 iaetu

139 2589 264 2659 reponat
293 2574 511 2642 Sacramentum
541 2591 571 2642 et
599 2583 719 2645 extenta
746 2601 832 2644 mauu
859 2581 1048 2642 benedicat
1040 2581 1093 2657 ris,
1107 2569 1170 2659 qui
1198 2580 1457 2640 communicarunt.

139 2678 311 2743 Benedictio
335 2680 394 2745 Dei
420 2684 627 2762 omrdpotcntie
655 2695 710 2748 etc
738 2704 824 2746 uuum
852 2703 969 2744 crucem
981 2682 1145 2744 formando
1189 2678 1374 2743 Communia.
1382 2681 1458 2742 iutra

93 2818 99 2827 -
141 2782 259 2843 Missam
292 2787 389 2844 statim
420 2795 499 2865 post·
520 2787 690 2849 Sacerdotis
724 2788 958 2859 communionem
992 2786 1063 2844 hat:
1106 2771 1191 2845 uhtu
1212 2801 1247 2845 en
1280 2801 1342 2845 uon
1374 2781 1464 2888 detur

140 2883 324 2945 benedictio.
355 2919 402 2927 —

166 3042 175 3060 ,
244 2983 408 3060 Gerbertno
420 2989 465 3050 De
479 2987 553 3050 Mus.
569 2991 651 3052 Saor.
662 2990 685 3053 J.
701 2987 800 3071 pube
814 3011 859 3072 sq.
874 2992 990 3072 optime
1000 2989 1134 3070 exponit,
1149 2985 1253 3068 qualis
1266 2986 1379 3049 iueriat
1393 3005 1457 3048 oan-

142 3076 268 3166 tiienae,
298 3109 373 3183 quae
405 3091 474 3152 olim
507 3094 584 3153 iuter
616 3094 902 3156 communicandum
911 3093 948 3155 ab
980 3093 1071 3154 choro
1100 3091 1210 3153 cantari
1237 3090 1457 3152 consueverint.
1471 3077 1496 3124 ’·

141 3175 338 3270 hiemoratu
325 3193 515 3270 dignissimus
540 3205 586 3256 eet
604 3195 688 3257 locus
715 3195 904 3259 Membrauae
922 3195 1151 3272 Argentioeneis
1177 3210 1256 3255 saec.
1275 3189 1313 3254 X
1332 3191 1381 3252 vel
1402 3189 1478 3251 X1:'

142 3286 435 3383 Communicuntibne
456 3296 546 3356 etiam
567 3298 699 3375 manum
718 3300 839 3360 canitur
858 3297 1009 3360 canticum
1031 3297 1161 3374 Agnus
1183 3294 1273 3372 Dei,
1294 3289 1334 3353 ‘et
1350 3289 1458 3381 fideles

142 3394 250 3474 quique
268 3397 408 3475 corporis
429 3404 472 3460 et
477 3400 634 3479 conquiris
654 3390 777 3464 Domini
797 3386 1066 3475 communicantes,
1093 3413 1181 3476 quem
1204 3393 1458 3474 percipientem,

142 3494 285 3571 incutiunt
294 3499 496 3562 modulatione
508 3509 543 3563 nt
554 3503 678 3582 scilicet
691 3499 779 3583 quem
794 3508 918 3583 pectunt
935 3498 1152 3581 quodammodo
1170 3514 1294 3560 cerem
1307 3497 1456 3577 incorpo-

141 3597 237 3659 rutem
251 3602 362 3680 cibum·
372 3603 509 3666 recolunt
520 3624 588 3666 esee
603 3600 791 3685 cnidinum,
815 3591 966 3667 mo'rtnum
982 3622 1022 3665 nc
1034 3600 1183 3681 sepultum
1195 3607 1225 3661 et
1237 3611 1307 3662 eum
1321 3605 1463 3677 exorent„

142 3699 246 3762 tollere
254 3711 385 3782 peccato
396 3724 465 3785 eno,
484 3721 572 3786 quem
591 3707 634 3770 cd
650 3708 840 3775 hocoenisee
861 3708 957 3769 omniu
979 3705 1138 3784 confitetur
1157 3702 1297 3785 ecclesio.
1332 3698 1458 3763 Onniton

140 3788 232 3880 etium
245 3803 290 3865 itti
300 3806 474 3869 adiunctum
487 3791 577 3871 uliud
589 3828 728 3890 carmen,
752 3810 833 3891 qnod
854 3808 1072 3873 Communia
1093 3811 1239 3884 occatur,
1259 3812 1296 3866 nt
1316 3801 1458 3884 monadia
1488 3822 1494 3836 ·

137 3906 271 3984 popurus
284 3908 382 3988 finus
394 3898 523 3988 ιιιοιριι
539 3913 696 3983 coetestem
715 3913 959 3988 ostemationem,
973 3909 1150 3985 culmem
1160 3893 1459 3997 oecumenem
1501 3982 1504 3987 ,

53 4056 56 4060 .
111 4008 209 4105 'ebes
222 4009 388 4072 trubotur
375 4031 407 4073 sn
417 4012 572 4076 subtemen
584 4015 868 4094 contemptationem
896 4012 1081 4094 Antiphone,
1102 4015 1147 4075 cui
1163 4024 1272 4073 nomen
1286 4018 1334 4070 est
1352 4005 1458 4070 Gom·

73 4182 75 4188 .
141 4114 281 4192 munii,
302 4108 695 4199 nunobrevtsesi,i1num
713 4119 904 4199 plerumque
907 4116 1086 4178 versiculum
1101 4115 1268 4194 scripturae
1283 4111 1460 4208 continent;

142 4206 213 4276 olim
227 4192 396 4299 excipiebat
410 4219 488 4279 iiiam
504 4222 622 4298 integer
636 4221 768 4282 Psaimus
789 4223 868 4289 inter
886 4217 1156 4311 communicandum
1170 4211 1479 4277 decintatus.1’es·'

102 4379 109 4389 ,
142 4315 196 4375 sim
211 4320 288 4397 apud
300 4320 347 4382 lte
362 4321 509 4383 hloteon'
501 4341 530 4381 ru
552 4324 660 4384 itinere
668 4324 815 4424 liturgico
831 4332 860 4384 et
873 4295 1047 4384 Montanium
1062 4318 1250 4393 imitatoriae
1269 4324 1318 4377 out
1332 4331 1460 4377 commo·
1465 4309 1471 4320 '

142 4407 268 4483 nitbrioe
286 4423 322 4483 od
336 4399 571 4501 communihuem
586 4426 689 4506 populi
702 4430 842 4498 nbtantur
855 4424 1053 4506 antiphonae,
1066 4440 1092 4482 e
1107 4440 1138 4499 g.
1154 4422 1184 4481 iu
1203 4418 1332 4481 ecclesia
1344 4415 1461 4494 unguo

142 4521 246 4581 neusi:
274 4518 580 4614 Venitepopndietc„
588 4529 642 4588 .uti
661 4528 748 4588 etiam
758 4544 832 4587 cum
853 4529 933 4589 uotie
957 4526 1076 4587 musicis
1100 4523 1264 4586 Gerbertus
1290 4520 1406 4602 reperit
1432 4519 1462 4578 iu

74 4698 77 4703 Ι
142 4612 207 4682 cori.
222 4623 294 4685 San
282 4623 437 4707 (idiensi,
447 4629 669 4691 Emmemneusr
681 4627 818 4708 ahisque
840 4624 1109 4709 Apudliartenturu
1118 4623 1303 4689 consuetudo
1313 4616 1463 4685 ecciesiae
