3202 5176
837 347 938 421 326·

214 535 250 605 in
276 553 333 621 eo,
360 539 395 602 et
415 527 473 603 det
498 530 548 603 eis
570 527 745 622 Angelum
762 529 890 603 bouum
913 529 1091 604 custodem
1107 539 1143 602 et
1163 528 1267 600 iaciat
1288 547 1350 602 eos
1373 527 1440 601 sibi
1459 549 1533 603 ser-

215 636 292 705 vire
318 631 361 704 ad
387 629 673 704 considerandum
692 633 859 705 mirabilia
883 633 929 704 de
953 632 1034 725 lege
1054 653 1135 704 sua:
1162 639 1299 703 avemat
1315 629 1359 702 ab
1385 633 1440 704 eis
1460 649 1542 702 om·-

215 757 278 808 nes
298 736 486 807 contrarias
503 743 709 827 potestates·
731 737 852 829 eripiat
871 756 933 807 eos
952 734 993 804 ab
1014 756 1105 805 omnr
1095 732 1304 804 formidine
1321 741 1357 802 et
1377 732 1420 803 ab
1430 734 1535 805 omni

214 834 484 932 perturbatione,
504 855 545 905 ac
565 856 669 909 sanos
686 837 725 905 in
741 834 808 907 hoo
826 835 1050 907 tabernaculo
1069 833 1244 908 custodire
1262 832 1433 980 dignetur.
1467 833 1534 920 Qui

216 958 292 1008 cum
314 936 416 1007 Patre
439 944 503 1006 eto.

318 1035 476 1110 Oremus
528 1035 666 1108 Exaudi
686 1058 751 1110 nos
771 1036 919 1108 Domine
948 1044 1079 1124 sancte,
1101 1034 1204 1106 Pater
1231 1037 1449 1131 omnipotens
1476 1026 1533 1107 ae·

214 1149 313 1212 terne
335 1139 450 1211 Deus:
474 1149 509 1210 et
527 1140 661 1209 mittere
684 1137 835 1230 digneris
858 1146 1012 1211 sanctum
1032 1136 1208 1230 Angelum
1229 1146 1323 1208 tuum
1344 1137 1388 1208 de
1410 1138 1531 1222 coelis,

215 1244 273 1336 qui
293 1240 474 1332 custodiat,
495 1241 627 1329 foveat,
653 1249 825 1334 protegat,
846 1242 963 1313 visitet
989 1249 1090 1332 atque
1113 1237 1274 1310 detentet
1295 1261 1416 1312 omnes
1439 1238 1531 1310 babi-

214 1352 326 1416 tantes
340 1345 375 1413 in
388 1342 456 1414 boc
468 1342 702 1414 tabernaculo.
723 1342 791 1413 Per
799 1339 981 1418 ,Christum
991 1339 1173 1411 Dominum
1187 1349 1350 1413 nostrum.
1365 1341 1491 1412 Amen.
1500 1337 1529 1438 ¹)

319 1453 401 1528 Quae
416 1454 592 1530 strutiones,
613 1455 639 1513 si
655 1461 771 1533 tempus
786 1472 843 1514 non
859 1455 1001 1533 patiatur,
1023 1461 1161 1532 exparte
1177 1452 1225 1512 rel
1240 1453 1268 1513 in
1284 1461 1376 1513 totum
1390 1461 1530 1532 poterunt

190 1586 192 1589 ·
214 1556 320 1617 omitti.
362 1555 435 1616 'Pam
454 1553 491 1617 de
510 1574 593 1616 more
613 1555 689 1616 iacta
706 1555 903 1616 confessione
917 1553 1068 1633 generali,
1089 1553 1182 1615 latino
1195 1554 1244 1615 rel
1259 1554 1375 1633 vulgari
1393 1573 1530 1616 sermone
1590 1550 1593 1556 ’

157 1718 160 1723 ,
215 1656 363 1719 Sacerdos
380 1656 473 1719 dicat:
498 1646 774 1721 misereaturtui
793 1667 851 1719 etc.
893 1645 1144 1738 Indulgentiam
1166 1657 1229 1717 eto.

316 1759 481 1839 Antequam
493 1758 644 1820 Parecbns
663 1760 785 1840 incipiat
806 1777 920 1838 ungere
940 1759 1104 1835 lntirmnm,
1125 1766 1244 1818 moueat
1264 1756 1416 1819 adstantes
1431 1749 1461 1818 ut
1475 1775 1527 1837 pro

214 1860 267 1922 illo
286 1871 389 1931 oreut;
407 1861 500 1923 etubi
514 1860 697 1922 commodum
711 1861 811 1938 inerit,
822 1880 878 1941 pro
892 1861 960 1922 loeo
972 1840 1007 1920 et
1019 1869 1157 1939 tempore
1171 1846 1201 1920 et
1218 1861 1393 1922 adstantium
1408 1877 1527 1920 numero

213 1962 263 2023 vel
286 1963 444 2043 qualitate,
464 1964 591 2024 recitent
612 1971 728 2042 septem
748 1962 881 2024 Psalmos
903 1962 1137 2024 Paenitentiales
1158 1980 1222 2022 cum
1242 1950 1436 2024 litaniis'vel
1456 1961 1528 2022 alios

214 2063 344 2138 Preces,
365 2063 432 2124 dum
451 2066 517 2144 ipse
529 2064 685 2125 Unctionis
699 2066 917 2126 Sacramentum
937 2048 1172 2150 administrat.²)
1203 2063 1380 2126 lloxdicat:
1407 2052 1449 2124 In
1468 2075 1528 2125 no·

213 2157 304 2226 mine
333 2155 444 2250 Patris
458 2153 505 2246 ᾖ
534 2166 569 2227 et
598 2154 676 2226 Filii
709 2153 741 2246 †
772 2166 807 2228 et
833 2154 966 2251 Spritus
993 2154 1164 2248 †Sancti
1190 2158 1412 2248 extinguatur
1437 2159 1528 2227 inte

214 2259 324 2329 omnis
352 2260 462 2329 virtus
489 2255 616 2329 diaboli
641 2281 704 2353 per
722 2260 980 2355 impositionem
1002 2279 1162 2329 manuum
1184 2267 1379 2331 nostrarum
1407 2267 1441 2329 et
1467 2279 1528 2352 per

212 2359 468 2429 invocationem
490 2363 639 2430 omnium
660 2370 856 2434 sanctorum
877 2361 1108 2454 Angelorum,
1127 2358 1443 2452 Archangclorum,
1467 2359 1528 2432 Pa·

211 2459 449 2550 triarcharum,
471 2461 731 2557 Prophetarum,
751 2463 1013 2558 Apostolorum,
1039 2461 1242 2556 Martyrum,
1267 2458 1527 2553 confessorum,

212 2559 413 2654 virginum,
439 2571 542 2658 atque
566 2569 714 2636 omnium
739 2565 840 2640 simul
866 2562 1080 2638 Sanctorum.
1123 2564 1247 2634 Amen.

314 2673 430 2736 Deinde
447 2676 572 2737 intincto
590 2676 703 2756 pollice
723 2677 753 2736 in
774 2677 843 2738 oleo
866 2686 969 2738 saneto
991 2677 1020 2736 in
1034 2673 1151 2736 modum
1167 2676 1263 2737 crucis
1282 2674 1367 2753 ungit
1380 2673 1527 2736 Inlirmum

213 2775 242 2836 iu
256 2774 389 2855 partibus
398 2775 446 2835 lric
456 2777 643 2857 subscriptis,
657 2777 784 2857 aptando
794 2778 917 2858 proprio
926 2777 995 2839 loco
1005 2778 1096 2838 verba
1105 2776 1221 2838 formae
1230 2779 1260 2838 in
1270 2777 1349 2838 huuc
1358 2776 1485 2838 modum.
1494 2764 1526 2863 3)

314 2868 373 2939 Ad
396 2870 513 2941 oculos.
566 2868 635 2940 Per
660 2872 759 2942 istam
783 2879 935 2944 sanctam
957 2869 1162 2942 Unctionem
1184 2879 1248 2942 etc.
1277 2869 1441 2966 quidquid
1466 2891 1528 2964 per

211 2968 324 3042 visum
347 2967 526 3062 deliquisti.
571 2968 695 3040 Amen.

313 3077 449 3140 llinlster
468 3096 541 3140 vcro
562 3081 587 3140 si
610 3089 655 3142 est
675 3082 704 3154 in
725 3082 818 3142 sacris
831 3081 881 3143 rel
895 3082 1022 3162 ipsemet
1040 3083 1188 3144 Sacerdos
1205 3091 1275 3164 post
1296 3082 1457 3162 quamlibet
1470 3081 1527 3144 Uu-

214 3245 446 3258 ,0-

275 3326 306 3392 1)
320 3323 438 3396 Agenda
451 3315 567 3397 lionast.
582 3341 617 3404 erp
629 3325 671 3382 bis
685 3327 773 3384 tribus
788 3326 935 3386 collectam
949 3345 1028 3385 unam
1042 3329 1159 3402 retinete
1169 3327 1275 3392 Exaudi
1290 3336 1343 3390 eto.
1433 3380 1442 3392 .

275 3407 307 3486 A)
322 3409 439 3481 Agenda
453 3409 569 3476 bonust.
586 3411 743 3483 interroget
754 3413 892 3470 Parecbns
910 3431 972 3469 num
991 3414 1058 3469 velit
1073 3406 1382 3474 nocsacramanmm'tn
1402 3409 1458 3467 lide
1476 3428 1528 3468 eo·

213 3492 315 3551 clesiae
331 3495 491 3553 Catholicae
507 3493 668 3568 percipere,
689 3513 743 3569 qne
760 3495 869 3555 dicente
879 3499 968 3554 Volo
984 3504 1048 3554 tuuc
1061 3496 1096 3553 ad
1111 3498 1319 3556 comessionem
1333 3490 1527 3553 hortetur'etc.

212 3577 250 3637 ci
261 3595 297 3650 p.
300 3578 361 3636 316.
392 3579 522 3636 Recitatis
536 3579 667 3636 Precibus
682 3597 714 3636 ac
727 3581 837 3639 litaniis
852 3597 885 3639 ac
898 3582 1057 3678 praemissis
1069 3582 1227 3655 quibusdam
1238 3582 1392 3650 versieulis,
1404 3588 1467 3638 orat
1477 3581 1527 3638 Sa-

209 3661 328 3719 cerdos:
343 3664 415 3719 Deus
430 3682 475 3736 qur
466 3652 625 3720 Ezechiae
639 3665 739 3721 lamule
755 3672 802 3722 tuo
817 3666 969 3738 terquinos
984 3683 1070 3723 annos
1085 3666 1120 3722 ad
1133 3666 1350 3736 vitandonasti,
1361 3667 1399 3722 ita
1415 3672 1443 3722 et
1457 3665 1527 3722 bunc

209 3745 338 3803 famulum
360 3754 434 3803 tuum
448 3765 463 3804 a
477 3748 553 3804 lecto
568 3737 748 3818 aegritudinis
763 3757 807 3806 tua
822 3751 944 3822 potentia
960 3751 1050 3843 erigat
1063 3750 1098 3806 ad
1113 3752 1226 3808 salutem
1241 3746 1347 3826 (occur
1364 3758 1393 3806 et
1406 3749 1435 3805 in
1451 3751 1526 3807 Sacr.
1536 3750 1540 3756 '

123 3856 133 3880 ι
173 3845 181 3858 ·
210 3826 356 3904 dragum),
368 3831 446 3888 dein:
458 3833 574 3904 Respice
588 3831 989 3891 Domineiamulumtunmetc
1005 3843 1034 3891 ut
1046 3834 1126 3890 mira
1158 3836 1258 3892 Porro:
1273 3837 1303 3892 ln
1318 3851 1428 3890 nominc
1423 3833 1526 3890 Patras

211 3921 263 3971 ete.
283 3923 421 3988 utsupra.
449 3917 675 3977 Rituale'lr'evir
697 3925 760 3991 post
776 3916 893 3975 Lrtanias
908 3935 941 3975 ac
955 3919 1114 3976 Versiculos
1130 3921 1208 3992 ponit
1223 3920 1377 3976 collectas·
1399 3917 1527 3990 Deusqni

208 3997 353 4056 Ezechiae
356 4007 409 4061 etc.
431 4001 546 4074 llespice
558 4001 671 4058 Domine
683 4010 742 4070 etc„
755 4003 957 4073 Dominelleus,
969 4003 1014 4075 qui
1024 4020 1075 4078 per
1081 4004 1244 4077 Apostolum
1256 4002 1465 4061 tuumlacobum
1473 4009 1527 4064 etc.

188 4110 193 4119 ·
209 4082 260 4140 llio
274 4084 379 4141 dicatur
391 4102 406 4140 a
419 4086 549 4160 ministris
561 4084 727 4143 confiteo
736 4104 760 4158 r,
772 4103 826 4159 quo
837 4086 911 4142 dicto
927 4088 960 4143 ab
974 4087 1037 4162 ipso
1053 4104 1160 4160 quoque
1172 4094 1300 4159 aegroto,
1311 4087 1452 4143 Sacerdos
1462 4103 1528 4143 rer·

77 4235 81 4244 ,
137 4238 143 4248 .
189 4183 256 4230 ·„sus
272 4168 449 4225 illumdicat'
465 4171 624 4227 biisercatur
639 4179 692 4231 etc.
709 4171 957 4242 etlndulgeatiam.
986 4171 1069 4228 Delu·
1084 4173 1304 4230 innomineetc
1320 4176 1456 4243 utsupra.

271 4250 304 4327 3)
319 4253 440 4310 Instante
457 4262 551 4312 morta
563 4255 587 4310 si
609 4255 761 4325 dubitetur,
782 4257 916 4313 lnllrmum
933 4256 1088 4329 prinsquam
1104 4258 1262 4314 absolvatur
1282 4263 1404 4311 extrema
1414 4254 1528 4324 Unctio,

209 4334 367 4392 moriturum
369 4345 483 4434 ,potest
492 4331 631 4402 Sacerdos
644 4339 747 4397 unicam
758 4348 862 4411 partem
871 4356 975 4429 ungere
984 4341 1033 4400 sub
1044 4342 1156 4398 formula
1168 4341 1452 4415 quinquesensuum,
1446 4339 1528 4395 etiam

111 4450 115 4458 ·
176 4417 269 4477 ·„sins
284 4430 417 4477 consueto
432 4423 630 4494 signqcrucis
650 4421 737 4500 (Per
721 4433 810 4481 astam
821 4432 873 4487 etc
887 4414 1016 4503 qurdqurd
1028 4443 1078 4498 per
1089 4427 1196 4497 Visum
1210 4423 1355 4494 Auditum,
1364 4423 1529 4499 Odenatum,

179 4529 185 4540 ·
208 4500 319 4562 Gustum
336 4513 364 4562 et
366 4505 561 4578 locutionem
573 4509 683 4580 Pactum
698 4514 726 4565 ct
738 4502 865 4566 Gressum
878 4494 1040 4581 deliquisti..
1048 4506 1178 4588 Amen.)
1187 4467 1263 4567 llrdo
1277 4500 1462 4583 membrorum
1473 4524 1539 4566 non·

208 4592 252 4645 cst
263 4580 437 4647 necessarius
450 4573 617 4649 necessitate
630 4572 797 4651 §aeramenti
811 4591 871 4652 scd·
863 4593 1071 4683 praecepti.
