3202 5176
809 290 883 361 248

295 475 573 550 Anathematinas
601 475 702 544 etiam
725 495 859 545 omnem
888 473 1047 546 haeresin
1073 471 1297 544 extollentem
1320 494 1360 546 se
1381 472 1506 546 adver-

195 600 255 681 sps
281 579 369 652 hanc
395 585 547 653 sanctam
573 575 755 648 ecclesiam
783 573 1018 647 catholicam?
1062 577 1105 665 tt.
1127 573 1401 646 Anathematino.

254 766 256 771 ¹
299 679 418 753 Credis
437 680 538 749 etiam
551 690 671 749 veram
689 680 979 750 resurrectionem
997 676 1150 749 eiusdem
1169 679 1280 749 carnis
1301 698 1402 770 quam
1416 699 1507 749 nunc

196 793 314 879 gestas
341 791 375 853 ct
401 782 506 852 vitam
527 778 727 850 aeternam?
772 784 814 871 tp.
841 777 964 851 Credo.

237 930 243 938 .
300 879 420 956 Credis
443 883 546 953 etiam
564 883 648 955 novi
668 890 702 951 et
722 884 852 954 veteris
874 882 1080 968 testamenti,
1100 878 1190 970 legis
1210 889 1244 949 et
1261 879 1507 975 prophetarum

197 998 232 1058 et
248 983 500 1080 Apostolorum
517 1004 621 1053 unum
643 1004 722 1057 esse
747 992 924 1053 auctorem
945 981 1058 1054 Deum
1076 1003 1118 1051 ac
1139 980 1322 1052 Dominum
1352 985 1507 1080 omnipo-

196 1085 350 1160 tentem?
393 1089 436 1176 bl·
466 1081 589 1156 Credo.

299 1196 408 1257 Postea
426 1193 458 1257 c.
481 1195 564 1255 dicit:
593 1183 689 1255 Haec
708 1183 768 1256 tihi
787 1182 872 1257 fides
895 1193 1101 1276 augeatura
1128 1182 1296 1272 Domine,
1318 1184 1361 1256 ad
1387 1206 1507 1257 veram

197 1300 232 1362 et
253 1299 427 1361 aeternam
448 1285 704 1376 beatitudinem,
726 1285 947 1359 dilectissime
965 1284 1072 1359 frater
1092 1286 1127 1355 in
1146 1281 1291 1358 Christo.
1331 1295 1369 1356 Et
1382 1314 1506 1377 respon·

196 1400 269 1461 dent
287 1417 402 1460 omncs:
424 1389 545 1461 Amen.
554 1384 585 1484 1)

228 1507 232 1512 '
299 1499 429 1579 Expleto
443 1501 542 1579 itaque
558 1498 692 1558 examine
707 1496 891 1559 desistentes
905 1494 1048 1576 Episcopi
1064 1495 1173 1556 ducunt
1185 1493 1321 1557 Electum
1340 1497 1376 1557 ad
1395 1493 1506 1559 Conse·

198 1609 362 1677 oratorem,
383 1619 481 1662 coram
502 1620 561 1680 quo
581 1598 757 1676 genuflexus
779 1599 841 1659 eius
856 1615 970 1658 manum
985 1606 1159 1658 reverenter
1178 1596 1335 1659 osculatur.
1368 1597 1459 1680 =Tunc
1473 1597 1506 1663 C.
1543 1590 1547 1597 .

113 1719 119 1727 ’
197 1701 503 1764 tacttcontesstonem
516 1711 546 1762 et
558 1701 696 1781 procedit
708 1701 840 1785 inmissa
855 1699 955 1761 cilicio
965 1699 1022 1760 diei
1035 1700 1224 1760 convenienti
1233 1718 1328 1780 usque
1339 1700 1374 1762 ad
1383 1700 1507 1763 Alleluia

199 1805 264 1866 sive
286 1805 415 1866 ultimum
438 1822 557 1865 versum
570 1801 693 1864 Tractus
715 1804 780 1863 sive
795 1800 984 1882 sequentiae.
1014 1798 1166 1862 Collectae
1186 1801 1435 1892 dieiadiungitor
1453 1801 1507 1862 sub

198 1925 257 1968 nna
277 1906 469 1967 conclusione
493 1906 549 1966 alia
575 1922 630 1984 pro
655 1903 844 1968 Ordinando:
876 1892 1010 1965 Adesto
1038 1893 1342 1989 supplicationibus
1368 1897 1507 1982 nostriS,

167 2074 171 2084 ,
199 2000 415 2094 omnipotens
434 1997 542 2085 Dens,
564 2007 613 2085 ut,
637 1995 729 2091 quod
748 1996 943 2067 humilitatis
965 2006 1105 2069 nostrae
1127 1994 1318 2088 gerendum
1337 2004 1393 2075 est¹
1406 1998 1507 2065 mini-

199 2101 325 2188 sterio,
351 2109 430 2176 tuae
464 2100 600 2171 uirtutis
628 2098 809 2193 impleatur
830 2097 963 2168 effectu.
1016 2105 1137 2166 lnterim
1158 2104 1302 2187 Episcopi
1324 2105 1507 2167 desistentes

200 2209 310 2272 ducunt
327 2207 462 2270 Electum
485 2209 521 2270 ad
542 2206 683 2288 capellam
705 2227 786 2268 suam
806 2218 836 2269 et
856 2208 897 2268 ihi
913 2208 1051 2286 deposito
1066 2207 1206 2289 pluviali,
1229 2206 1365 2285 Acolpthi
1383 2208 1508 2269 induunt

201 2311 282 2371 illum
302 2312 442 2372 sandalia.
490 2296 568 2377 >Tum
582 2311 689 2390 accipit
702 2328 819 2371 crucem
832 2309 1015 2391 pectoralem
1030 2319 1059 2370 et
1072 2309 1149 2370 stola
1164 2310 1190 2369 ei
1208 2310 1340 2390 aptatur,
1354 2319 1386 2370 ut
1404 2309 1440 2370 ab
1455 2309 1508 2369 hn-

200 2413 290 2474 meris
305 2404 481 2493 dependeat.
495 2411 612 2473 Deinde
626 2411 775 2489 tunicella,
791 2413 953 2490 dalmatica,
964 2411 1062 2473 casula
1076 2419 1106 2472 et
1114 2411 1262 2491 manipulo
1274 2411 1412 2472 induitur.
1427 2409 1510 2472 Tunc

201 2513 316 2576 accedit
336 2513 371 2574 ad
392 2533 475 2575 suum
498 2514 590 2574 altare
610 2523 640 2574 et
657 2523 736 2575 stans
752 2514 864 2575 medius
880 2499 962 2574 inter
974 2511 1141 2594 Episcopos
1156 2514 1339 2587 Assistentes
1353 2513 1430 2590 legit
1445 2513 1509 2574 otti·

201 2614 400 2695 ciumblissac
420 2635 513 2697 usque
537 2615 573 2675 ad
593 2614 721 2676 Alleluia
733 2616 954 2700 =siveultimum
973 2633 1090 2675 versum
1112 2614 1235 2675 Tractus
1254 2612 1510 2695 veleEequentiae.

200 2715 468 2795 enitescamus,
487 2717 536 2778 vel
551 2716 658 2778 Tracta
675 2717 724 2778 vel
740 2719 899 2799 Sequentia
914 2716 947 2780 C.
969 2717 1083 2777 accedit
1102 2717 1137 2777 ad
1159 2717 1354 2779 faldistorium
1370 2725 1437 2776 ante
1451 2734 1508 2775 me·

203 2818 280 2880 dium
294 2819 392 2881 altaris
412 2829 441 2881 et
453 2819 494 2879 ibi
510 2819 605 2879 sedet.
642 2819 825 2881 Assistentes
839 2838 912 2880 vero
927 2818 1068 2898 Episcopi
1084 2819 1189 2879 iterum
1204 2817 1312 2878 ducunt
1326 2816 1460 2878 Electum
1475 2816 1510 2876 ad

204 2917 458 2981 Consecratorem.
485 2920 557 2980 Tum
570 2920 676 2980 sedent
690 2939 792 2982 omnes
807 2930 838 2980 ut
851 2923 931 3001 prius
946 2929 975 2981 et
990 2917 1022 2982 C.
1037 2938 1141 2980 versus
1155 2919 1190 2980 ad
1207 2919 1406 2981 ordinandum
1420 2919 1508 2980 dicit:

200 3007 411 3107 Episcopum
434 3020 570 3107 oportet
589 3012 754 3101 iudicare,
775 3015 1004 3109 interpretari,
1026 3034 1245 3102 consecrare,
1267 3013 1440 3100 ordinare,
1461 3009 1511 3082 of-

201 3110 309 3203 ferre,
329 3114 503 3208 baptizare
525 3123 559 3184 et
585 3111 795 3184 confirmare.
842 3124 958 3185 Deinde
978 3124 1112 3185 omnihus
1137 3123 1328 3200 surgentibus
1344 3121 1375 3186 C.
1391 3123 1462 3183 dicit
1476 3120 1510 3181 ad

203 3225 444 3285 circumstantes:
476 3213 633 3303 Oramus,
654 3215 779 3289 fratres
797 3218 981 3304 carissimi,
996 3224 1037 3287 'ut
1061 3214 1281 3309 huicElecto
1304 3216 1437 3309 utilitati
1455 3237 1511 3283 ec-

203 3316 332 3388 clcsiae
363 3315 550 3411 providens
582 3317 773 3408 benignitas
809 3320 1048 3412 omnipotentis
1080 3316 1147 3387 Dei
1174 3318 1303 3409 gratiae
1336 3337 1419 3388 suae
1449 3317 1509 3385 tri-

201 3415 285 3491 buat
309 3416 511 3510 largitatem.
550 3418 618 3488 Per
638 3417 807 3494 Christum
835 3420 1019 3503 Dominum
1038 3427 1202 3492 nostrum.
1247 3422 1289 3509 lh.
1309 3416 1433 3488 Amen.
1474 3425 1512 3484 Et

204 3546 274 3591 mex
299 3526 331 3590 C.
353 3538 421 3615 ante
443 3529 637 3591 faldistorium
656 3549 739 3591 suum
760 3540 791 3591 et
809 3533 981 3592 assistentes
996 3512 1138 3611 Episcopi
1159 3538 1227 3591 ante
1246 3529 1334 3590 sedes
1355 3546 1422 3588 snas
1443 3546 1511 3607 pro·

204 3629 357 3691 cumbunt:
384 3631 505 3692 Electus
526 3650 598 3692 vero
618 3652 651 3693 se
664 3634 858 3712 prosternite
878 3635 1005 3693 sinistris
1020 3620 1259 3694 Consecratoris:
1283 3630 1406 3691 ministri
1424 3631 1512 3688 etiam

204 3741 293 3812 atque
316 3751 418 3794 omnes
438 3733 488 3794 alii
508 3733 721 3812 genuflectunt.
749 3734 902 3805 Recitatur
922 3734 1035 3796 litania
1053 3743 1143 3815 prout
1161 3736 1249 3813 supr'a
1274 3730 1513 3793 inordinatione

204 3833 384 3898 subdiaconi
412 3836 595 3899 dictumest.
641 3836 713 3898 Post
736 3836 926 3898 versiculum:
952 3825 998 3898 Ut
1025 3826 1180 3900 omnibus
1205 3822 1362 3898 fidelibus
1392 3822 1512 3894 defun-

202 3971 409 3986 m

203 4043 308 4100 iterari.
336 4044 373 4101 At
388 4060 457 4103 vero
475 4063 535 4104 cnm
553 4065 634 4122 supra
654 4048 783 4121 scripturn
800 4047 836 4105 sit
855 4064 936 4104 unum
950 4036 1044 4104 verum
1058 4065 1120 4104 esse
1134 4046 1266 4117 baptisma
1281 4043 1405 4100 nimirum
1418 4041 1447 4098 in
1461 4057 1514 4098 una

203 4143 271 4189 sera
288 4135 316 4185 et
338 4138 432 4187 sancta
448 4132 580 4204 ecclesia,
601 4133 684 4191 tacita
705 4133 820 4190 concedi
835 4133 960 4206 videtur,
979 4133 1114 4190 ecclesiae
1126 4130 1285 4188 Catholicae
1300 4129 1368 4186 fines
1378 4128 1514 4184 Romanae

204 4213 340 4289 ecclesiae
354 4216 481 4271 ambitum
495 4217 685 4288 aliquantulum
697 4218 862 4287 transgredi.

270 4295 301 4370 1)
321 4299 452 4356 Conferas
473 4318 543 4371 quae
562 4319 644 4375 supra
665 4302 699 4356 de
718 4302 796 4357 huius
810 4302 940 4359 examinis
952 4301 1111 4373 antiquitate
1127 4298 1302 4373 exposuimus
1313 4314 1340 4369 p.
1357 4300 1418 4355 212.
1440 4294 1516 4360 uuae

205 4395 275 4435 nnnc
292 4377 319 4435 in
336 4401 386 4438 usu
405 4393 467 4442 sunt
484 4386 717 4456 interrogationes
738 4391 792 4441 non
809 4389 944 4456 attingunt
962 4385 1071 4458 quidem
1085 4384 1268 4442 venerandam
1284 4377 1517 4447 Carthaginiensis

204 4463 337 4522 formulae
350 4475 476 4540 aetatem,
490 4469 615 4527 redolent
628 4477 716 4525 tamen
731 4469 778 4525 illa
792 4471 913 4542 saccula,
926 4471 1022 4543 quibus
1033 4469 1216 4527 necessarium
1230 4467 1385 4533 videbatur,
1397 4463 1517 4519 Ariano-

201 4562 273 4621 rnm,
287 4549 486 4626 Gnosticorum,
503 4555 719 4612 llanichaeorum
730 4553 906 4612 deliramenta
918 4546 989 4627 prae*
1001 4556 1101 4612 ceteris
1115 4552 1266 4627 profligare
1281 4558 1363 4623 atque
1375 4548 1516 4604 damnare.
