3202 5176
675 298 760 385 'aar

10 616 15 621 Ι
84 503 154 579 tv.
181 507 306 580 oaoo
329 508 590 584 annuamus
613 511 860 586 unourorus
881 513 911 584 u
934 460 1125 590 urrunnu
1147 517 1355 592 nomano.

168 683 214 695 -
241 663 279 695 -·
298 652 456 714 Extremae
470 654 625 716 Unctionis
640 658 858 719 Sacramentum
880 676 916 721 eo
939 670 1074 741 tempore
1094 665 1227 738 aegrotis
1242 662 1382 724 adhiben-

64 754 134 815 dum
148 763 204 841 est,
218 757 243 831 si
258 756 322 816 fleri
337 758 443 836 possit,
458 775 521 816 eum
536 758 594 819 iilis
609 759 704 820 adhuc
718 759 834 837 integra
849 780 931 822 mens
946 771 976 823 et
990 765 1065 825 ratio
1079 766 1173 842 viget.

138 861 140 866 '
169 854 216 899 -'
238 854 271 917 in
293 873 351 937 quo
372 856 443 919 iiiud
462 860 594 938 inprimis
617 878 655 920 ex
675 858 809 938 generali
831 860 975 925 ecciesiae
994 866 1207 928 consuetudine
1222 865 1382 926 observan-

64 958 131 1019 dam
147 967 211 1034 est,
233 967 264 1018 ιιι
278 961 303 1019 ιι
318 968 434 1050 tempus
449 968 479 1020 et
493 962 598 1021 infirmi
615 956 744 1024 conditio
759 965 927 1043 permittat,
946 976 1014 1028 ante
1029 976 1190 1029 extremam
1204 964 1382 1028 Unctionem

62 1054 270 1122 Paenitentiae
286 1069 316 1122 et
332 1058 523 1122 Eucharistae
538 1064 726 1125 Sacramenta
740 1067 861 1126 iniirmis
875 1067 1082 1149 praebeantur.
1090 1054 1122 1145 Ϊ)
1182 1090 1185 1094 ·

62 1164 65 1169 ’
174 1193 212 1202 -
239 1160 337 1223 Debet
355 1168 451 1224 autem
473 1164 531 1224 hoc
545 1167 908 1248 Sacramentuminiirmis
922 1169 1077 1250 praeberi,
1101 1169 1151 1252 qui
1166 1188 1231 1232 cum
1249 1167 1284 1229 ad
1298 1185 1382 1228 usum

63 1262 187 1326 rationis
208 1266 416 1343 pervenerint,
438 1274 495 1326 tam
509 1268 641 1343 graviter
654 1267 807 1346 laborant,
829 1278 860 1330 ut
874 1272 976 1332 mortis
994 1273 1157 1352 periculum
1175 1272 1327 1332 imminere
1340 1268 1383 1328 vi·

65 1358 184 1443 deutur,
205 1375 234 1426 et
255 1368 292 1427 tis
316 1369 365 1447 qui
383 1384 456 1448 prae
479 1369 563 1429 senio
585 1368 724 1431 deficiunt
745 1380 775 1432 et
797 1371 865 1432 dein
887 1373 1026 1434 videntur
1038 1375 1192 1453 morituri,
1215 1374 1301 1434 etiam
1316 1371 1382 1431 sine

64 1467 121 1527 alia
134 1469 313 1531 infirmitate.

166 1570 291 1630 iuiirmis
305 1579 421 1645 autem,
437 1571 485 1648 qui
501 1569 567 1630 drrm
581 1588 651 1631 sana
665 1581 763 1633 mente
779 1584 808 1635 et
823 1577 949 1653 integris
962 1576 1098 1637 sensibus
1113 1584 1224 1650 essent,
1239 1570 1312 1633 iliud
1330 1588 1381 1652 pe·

63 1670 190 1744 tierunt,
210 1686 281 1742 seu,
302 1670 505 1731 verisimiliter
523 1666 700 1750 petiissent,
720 1690 773 1734 seu
798 1675 932 1736 dederint
947 1678 1032 1753 signa
1048 1677 1252 1751 contritionis,
1268 1674 1382 1734 etiamsi

63 1772 172 1833 deinde
187 1772 332 1852 loquelam
347 1773 496 1833 amiserint
511 1774 558 1833 vei
574 1783 705 1835 amentes
721 1775 818 1837 elieeti
832 1787 901 1838 sunt
914 1779 962 1839 vei
978 1777 1105 1838 delirent
1114 1787 1163 1837 aut
1174 1776 1381 1849 nousentiant,

63 1872 254 1934 nihilominus
268 1874 456 1953 praebeatur.

169 1976 228 2036 Sed
251 1978 275 2035 si
297 1976 430 2036 Infirmus
453 1977 519 2036 dum
538 1978 679 2056 phrenesi
700 1988 748 2038 ant
768 1980 893 2040 amentia
907 1978 1040 2059 laborat,
1062 1978 1265 2041 verisimiliter
1279 1983 1384 2058 posset

64 2077 219 2159 quidquam
233 2079 332 2139 iacere
347 2084 449 2140 contra
464 2080 663 2160 reverentiam
676 2078 878 2160 Sacramenti,
903 2081 1062 2159 inungatur
1076 2083 1131 2143 nisi
1148 2079 1312 2162 periculum
1325 2076 1381 2139 tol·
1409 2058 1413 2071 ⁴

64 2180 142 2240 latur
156 2178 285 2241 omnino.
774 2199 777 2203 ·
842 2202 848 2207 ·
984 2207 1000 2237 ο

166 2279 431 2361 impoenitentibus
444 2297 518 2342 rero
535 2283 628 2362 etqui
643 2283 673 2343 in
692 2285 848 2346 manifesto
862 2293 988 2367 peccato
1003 2285 1119 2348 mortali
1133 2284 1296 2346 moriuntur
1306 2265 1341 2356 2)
1353 2286 1383 2340 ιι

64 2384 333 2444 excommunicatis
345 2392 375 2443 et
388 2382 517 2445 nondum
532 2383 686 2463 baptizatis
701 2389 818 2465 penitus
833 2387 1008 2463 denegetur.

64 2559 130 2620 deo.
156 2559 345 2629 Recognoseis
366 2566 393 2614 te
411 2561 495 2616 Deum
516 2561 624 2616 muitum
646 2559 815 2617 offendisse?
844 2557 885 2638 Ra.
910 2563 1008 2618 Doleo.
1036 2560 1172 2631 Proponis
1187 2560 1221 2616 de
1236 2566 1331 2615 cetero
1346 2557 1379 2613 ab

61 2644 138 2700 omri
150 2643 254 2699 offensa
270 2645 376 2716 peccati
389 2646 514 2700 mortaiis
529 2643 692 2701 abstinere?
715 2641 757 2722 Ra
776 2646 873 2702 Divino
888 2646 990 2702 auxilio
1002 2644 1137 2700 mediante
1147 2659 1283 2716 propono.
1301 2642 1382 2698 Cre·

63 2729 124 2784 dis
137 2735 172 2785 te
187 2729 327 2784 meritis
343 2726 531 2800 passionis
547 2730 797 2801 redempturis
813 2730 931 2787 nostri
946 2738 975 2787 et
988 2745 1054 2785 non
1067 2729 1235 2800 propriis
1250 2727 1292 2784 ad
1306 2725 1382 2796 glo-

63 2814 153 2870 riam
173 2828 305 2885 perven
317 2810 392 2869 ire‘i
419 2807 462 2892 ἣν.
485 2815 608 2872 Credo.
635 2814 734 2870 Uitinm
755 2814 843 2883 dicat;
862 2815 892 2870 Si
913 2821 1041 2871 occurrat
1054 2813 1104 2868 tibi
1118 2813 1241 2869 inimicos
1256 2811 1381 2867 diabolus

62 2914 173 2970 semper
192 2898 217 2953 ci
238 2914 362 2971 opponas
378 2899 472 2954 merita
490 2899 627 2970 passionis
640 2898 740 2955 christi
752 2898 936 2970 redemptoris
948 2906 977 2955 et
987 2897 1132 2955 salvatoris
1143 2897 1239 2953 nostri.
1265 2893 1383 2966 Agenda

62 2983 138 3052 biog.
153 2981 232 3038 1582
263 2985 374 3039 Peracta
388 2983 524 3040 Unctione
544 2985 617 3040 dicat
629 2982 767 3040 Sacerdos
781 2983 952 3040 orationem:
975 2982 1091 3053 Respice
1104 2981 1219 3038 Domine
1228 2988 1281 3037 etc,
1297 2981 1382 3036 Detur

61 3066 238 3122 Benedictio:
252 3068 381 3122 Dominus
392 3068 468 3124 iesus
481 3069 552 3139 apud
564 3077 591 3124 te
606 3069 643 3125 sit
656 3060 710 3127 eto.
738 3069 873 3124 Praebeat
888 3067 994 3124 infirmo
1009 3066 1132 3123 crncifixi
1148 3066 1309 3135 imaginem,
1322 3078 1382 3118 mo·

61 3158 128 3206 neat
141 3157 171 3205 ut
182 3148 282 3206 Christi
296 3151 451 3222 passionem
467 3151 495 3206 in
510 3161 601 3208 mente
612 3153 737 3208 retineat.
762 3153 942 3222 Digressurus
957 3153 1100 3208 eoniirmct
1115 3166 1175 3206 eum
1187 3157 1268 3221 atque
1279 3161 1382 3204 conso·

63 3235 149 3290 letur:
171 3232 309 3290 Geiiebter
325 3235 352 3290 in
371 3234 497 3304 Christo,
519 3236 628 3292 dieweii
642 3237 680 3292 du
698 3243 751 3294 eto.
777 3235 897 3306 Agenda
909 3238 983 3306 iiog.
1001 3236 1085 3291 litt:
1107 3235 1213 3290 iiecitet
1228 3232 1380 3289 Goiiectus:

62 3319 176 3374 Domine
188 3319 259 3375 Deus
271 3320 316 3390 qni
333 3332 383 3391 per
395 3319 558 3391 Apostoium
574 3328 627 3376 ete.
654 3321 770 3391 iiespice
780 3325 945 3391 quaesumus
954 3321 1068 3376 Domine
1082 3326 1135 3375 etc.
1158 3317 1273 3374 Domine
1286 3321 1382 3374 sancte

62 3403 142 3458 Pater
158 3403 337 3474 omnipotens.
374 3403 556 3459 Exhortetur:
578 3403 716 3460 Geiiebter
730 3404 758 3458 in
775 3405 901 3473 Christo,
918 3404 1027 3459 dieweii
1042 3403 1078 3457 du
1088 3409 1143 3459 eto.
1167 3401 1308 3473 hspergat
1321 3406 1382 3456 taa-

62 3487 141 3556 dem,
155 3487 287 3556 praebeat
298 3503 406 3542 crucem
421 3487 456 3542 ad
471 3489 644 3544 oscuiandam
660 3495 688 3543 et
701 3504 794 3544 coram
809 3504 845 3544 eo
857 3488 1009 3558 relinquat,
1025 3492 1135 3542 moneat
1148 3485 1331 3554 domesticos,
1351 3489 1382 3543 ni

61 3578 246 3642 gravescente
260 3572 355 3627 morbo
367 3571 452 3643 ipsum
469 3573 618 3628 Parochum
629 3578 771 3628 accersant
781 3572 817 3627 ad
833 3572 947 3628 animam
959 3573 1016 3626 Deo
1033 3568 1283 3626 commendandam.

125 3648 156 3728 1)
178 3655 234 3727 lpsi
248 3656 348 3712 ιιιιιιιι
358 3655 487 3726 Ordines,
499 3673 568 3729 quos
579 3673 660 3729 supra
672 3656 883 3726 exscripsimus,
899 3655 1064 3723 ostendunt,
1079 3654 1225 3725 antiquitus
1239 3653 1382 3709 ecclesiam

61 3740 145 3800 aliter
159 3738 309 3797 censuisse.
340 3741 420 3813 Apud
436 3756 531 3799 omnes
545 3741 635 3814 quoad
649 3741 733 3798 seiam
748 3740 954 3796 &manentum
968 3739 1172 3808 Eucharistiae,
1192 3738 1254 3794 finis
1269 3755 1303 3793 ae
1319 3753 1383 3808 por-

62 3825 146 3881 ieotio
159 3823 275 3879 omnium
290 3825 525 3881 sacramentorum
539 3842 572 3882 ae
586 3825 721 3882 viaticum
736 3824 889 3881 moribundi
906 3825 1008 3897 excipit
1019 3825 1218 3880 Sacramentum
1231 3821 1381 3879 Unctiouis

63 3909 237 3982 Quapropter
245 3909 414 3965 iiubricistae
428 3910 610 3981 recentiores,
622 3910 673 3967 etsi
684 3910 844 3967 hodiernam
855 3909 992 3965 ecciesiae
1008 3907 1231 3964 consuetudinem
1245 3920 1384 3961 commen·

63 3993 138 4063 dent,
153 3992 307 4048 concedunt
320 3995 402 4050 muita
417 4010 469 4065 pro
481 3994 591 4066 antiquo
606 3994 698 4050 afferri
709 4009 792 4066 posse
808 3993 965 4065 probabilia
976 4001 1144 4064 argumenta.
1177 3991 1289 4048 Keiiner
1304 3987 1383 4056 Sym·

63 4079 141 4134 boiiin
158 4076 208 4133 der
223 4078 297 4133 irath.
312 4078 345 4136 ii.
366 4096 392 4151 p.
406 4079 458 4133 407
482 4079 569 4149 „Wia
587 4080 705 4151 possead
721 4079 853 4146 tibrigens
866 4068 953 4134 Basse
970 4077 1024 4133 und
1038 4075 1208 4135 Abendmahi
1225 4074 1294 4128 nach
1307 4071 1383 4125 ihrer

64 4163 204 4232 Wirirung
215 4163 419 4232 vorhergehen,
431 4163 550 4218 leuchtet
562 4163 615 4233 eiu,
628 4164 694 4219 aher
705 4162 760 4217 wie
771 4170 847 4233 passi
857 4179 916 4217 num
925 4162 1060 4218 Zustande
1075 4157 1325 4217 derTodtkranisen
1337 4154 1382 4210 die

62 4247 224 4316 Fordernrm
238 4247 288 4301 der
303 4247 475 4316 Satisimtio,
491 4247 536 4302 die
550 4247 621 4302 doch
635 4263 694 4303 cam
709 4248 886 4303 Sacramenta
901 4245 954 4302 der
969 4247 1053 4303 iiusse
1067 4240 1218 4316 ιςιιιιιιιιιι

125 4327 157 4403 i)
172 4331 271 4386 Tamen
283 4346 342 4387 oum
354 4332 399 4403 pio
413 4331 579 4387 credendum
591 4331 638 4401 sit,
651 4331 816 4402 quod-etiam
828 4331 967 4403 pessimus
979 4338 1121 4403 peccator,
1133 4340 1163 4384 se
1176 4324 1290 4381 vicinum
1301 4323 1382 4379 morti

64 4413 202 4480 sentiens,
213 4424 328 4471 ιοιιιιιιιι·
339 4424 428 4473 actum
443 4415 628 4488 poenitentiae
638 4416 751 4485 eiicere,
765 4415 909 4472 laudabilis
924 4415 1070 4474 suboritur
1080 4410 1239 4467 doctoribus
1250 4407 1382 4464 dubitatio

63 4517 99 4554 an
114 4496 262 4554 manifestis
275 4501 484 4572 peecatoribus,
498 4499 638 4556 undem'ma
654 4501 720 4557 bora
732 4499 771 4557 ad
785 4501 926 4558 Dominam
947 4498 1118 4557 venientibus
1133 4495 1335 4552 Sacramentum
1347 4489 1383 4548 ait

63 4580 262 4651 omissa
