3202 5176
680 367 688 380 ’
770 362 842 434 lat

148 570 278 625 trenunt
291 506 467 642 potestates,
480 558 557 620 coeli
575 557 788 637 coelorunque
799 559 926 618 virtutes
940 574 976 617 sc
988 556 1074 618 besta
1087 556 1255 638 Serspbinr
1267 558 1361 621 soeis
1375 558 1471 621 exoa

147 667 230 725 tione
242 663 462 726 concelebrent.
496 661 568 722 cunr
582 660 688 741 quibus
701 669 732 721 et
748 669 865 722 nostru
877 678 969 721 rocos
983 669 1016 721 ut
1027 659 1139 721 admitti
1152 660 1271 723 iubens
1285 659 1473 742 neptem

146 765 484 847 supplicieoniessione
497 763 650 826 diceutes:
675 763 708 823 S.

621 909 673 996 lie
697 942 829 995 sanctu
855 932 989 995 Grues.

246 1072 328 1134 Vere
339 1074 459 1153 dignum
472 1083 502 1135 et
514 1074 623 1133 iustoru
637 1079 694 1149 est,
708 1088 832 1151 aequo!
848 1078 880 1131 et
892 1069 1097 1149 salutare‚uos
1109 1068 1167 1131 tibi
1176 1084 1315 1152 semper
1326 1081 1362 1134 et
1374 1071 1469 1153 ubique

144 1178 254 1254 gratias
272 1194 383 1256 agere,
405 1179 532 1240 Domine
548 1184 669 1253 sancte,
690 1174 777 1235 Pater
798 1175 998 1253 omnipotens,
1018 1181 1140 1234 aeterne
1160 1173 1249 1236 Deus
1275 1176 1336 1256 qui
1357 1175 1467 1237 nister

144 1278 260 1339 humani
276 1283 396 1356 generis
412 1284 441 1348 'un
459 1272 543 1357 liguo
562 1279 659 1338 crucis
679 1277 876 1353 constituisti,
902 1283 933 1336 nt
948 1274 1025 1335 uude
1040 1294 1118 1338 ruore
1137 1276 1305 1339 oriebatur
1324 1277 1400 1341 inde
1420 1279 1468 1339 riu

39 1408 43 1417 ·
144 1390 331 1458 resurgerem
358 1393 389 1443 et
411 1386 460 1463 qui
475 1386 506 1444 in
519 1382 602 1457 liguo
615 1380 762 1456 vincebat,
776 1381 807 1439 in
819 1378 903 1457 ligno
917 1395 1037 1459 quoque
1048 1380 1234 1458 vinceretur,
1254 1394 1320 1461 per
1336 1380 1469 1445 mres·

144 1482 299 1544 bominum
314 1495 457 1563 nostrum,
471 1468 625 1566 perquem
640 1484 830 1559 maiestatem.
967 1500 972 1507 ·
1235 1464 1240 1471 ⁸

526 1653 565 1717 in
589 1653 901 1716 Resurrectione
920 1653 1083 1714 bonini.

243 1791 323 1854 Vere
336 1793 456 1870 dignum
470 1802 501 1854 et
515 1794 622 1855 iustum
638 1800 694 1869 cst,
710 1808 835 1870 aequum
849 1797 879 1849 et
893 1788 1031 1865 salutare,
1045 1797 1076 1848 te
1089 1785 1209 1867 quidone
1224 1792 1316 1853 onnrri
1332 1800 1464 1874 tenpore,

143 1893 195 1954 sed
209 1895 238 1954 iu
253 1895 309 1957 bac
322 1897 507 1975 potissimum
521 1895 569 1956 die
583 1894 747 1972 gloriosius
760 1890 944 1973 praedicare,
953 1908 1017 1951 euru
1024 1889 1137 1951 Pasebs
1150 1900 1295 1955 nostrum
1312 1895 1465 1959 mont·

143 2003 189 2054 est
198 1994 343 2057 cbristus.
362 1997 435 2079 lpse
447 2001 523 2059 enirn
537 2004 688 2058 rerusest
701 2014 805 2073 agnus,
815 1996 864 2076 qui
879 1993 1002 2054 abstulit
1014 2002 1137 2074 peccata
1150 1995 1270 2074 mundi,
1280 2000 1340 2079 qui
1354 2006 1463 2062 non·

144 2106 272 2159 nostram
293 2100 447 2162 moriendo
460 2100 607 2162 destruxit
621 2109 651 2160 et
670 2101 759 2159 vitam
774 2095 961 2175 resurgendo
974 2084 1148 2178 repararit'
1164 2095 1205 2158 Et
1223 2098 1316 2161 ideo.

547 2270 590 2332 ln
618 2270 865 2331 Ascensione
890 2269 1053 2331 Domini.

246 2405 325 2468 Vere
334 2408 455 2486 dignum
469 2417 499 2468 et
513 2397 624 2475 ius'tnrn,
634 2415 691 2485 est,
701 2424 825 2487 aequum
840 2415 870 2466 et
883 2406 1023 2485 salutare,
1037 2408 1093 2468 u'os
1106 2405 1161 2466 tibi
1174 2423 1309 2488 semper
1324 2416 1358 2470 et
1369 2384 1463 2488 ulitur

142 2511 253 2587 gratias
267 2528 370 2591 agere,
384 2511 511 2572 Domine
528 2520 647 2587 sancte,
667 2508 755 2570 Pater
774 2511 978 2590 omnipotens,
993 2519 1114 2570 aeterne
1126 2508 1227 2581 Deus;
1250 2528 1315 2591 por
1328 2509 1461 2574 otior·

140 2610 294 2673 Dominum
323 2623 472 2693 nostrum,
501 2616 551 2694 qui
571 2622 640 2695 post
659 2612 922 2673 Resurrectionem
947 2629 1029 2673 suam
1056 2611 1191 2673 omuibus
1222 2611 1393 2696 discipulis
1413 2612 1462 2673 sr'r

140 2715 311 2777 manifestus
329 2712 464 2798 apparuit
478 2727 508 2779 et
521 2719 595 2798 ipsis
611 2717 802 2777 cernentibus
822 2725 868 2776 cst
882 2714 1015 2776 elevatus
1033 2716 1063 2776 in
1078 2714 1211 2792 coelunt,
1235 2725 1270 2778 ut
1291 2734 1359 2781 not
1372 2714 1462 2779 Μ

140 2818 208 2876 tatis
221 2836 293 2878 suae
310 2819 456 2882 tribueret
469 2830 539 2880 esse
553 2819 724 2899 participes.
761 2818 800 2878 Et
816 2817 895 2879 ideo.

487 2970 495 2983 ⁸
594 2986 635 3048 lu
663 2976 724 3049 die
747 2982 1013 3087 l'eutec'ostes.

242 3122 322 3183 Vere
336 3121 458 3200 dignum
472 3131 502 3183 et
517 3123 623 3183 iustum
638 3133 696 3202 est,
705 3142 830 3204 aequum
844 3132 875 3184 ct
889 3114 1091 3201 salutare‚ubs
1104 3121 1159 3182 tibi
1170 3138 1302 3203 semper
1315 3134 1351 3188 et
1363 3126 1461 3210 ubique

140 3226 250 3302 gratias
268 3222 371 3302 aiere,
386 3225 513 3286 Domine
525 3236 637 3303 sancte,
651 3227 740 3288 Pater
753 3228 958 3307 omnipotens,
978 3235 1100 3286 aeterne
1113 3224 1211 3302 Deus,
1236 3243 1299 3305 per
1321 3227 1461 3293 Gbristu

139 3325 296 3386 Dominum
313 3336 462 3405 nostruin,
478 3329 527 3407 qui
543 3329 705 3390 ascendens
721 3348 812 3411 super
826 3347 929 3390 omues
948 3328 1067 3405 coelos,
1082 3328 1252 3408 sedensque
1274 3329 1318 3392 ad
1335 3332 1459 3394 dextra·

140 3436 217 3489 tuam
242 3433 418 3509 promissum
437 3432 578 3510 Spiritum
597 3432 735 3493 Sanctum
756 3431 898 3495 hodierna
925 3430 974 3491 die
996 3433 1026 3491 iu
1055 3430 1133 3491 lilios
1156 3429 1337 3511 adoptionis
1355 3434 1457 3497 eruut

139 3530 328 3613 Quapropter
342 3534 472 3614 profusis
487 3535 620 3613 gaudiis,
640 3544 719 3597 totus
739 3537 768 3596 in
790 3534 864 3595 orbe
888 3525 1029 3594 terrarum
1049 3532 1172 3594 muudus
1190 3532 1321 3597 exultet.
1364 3524 1459 3599 Sedtl

138 3650 285 3713 supernae
297 3639 435 3716 virtutes,
449 3646 539 3718 atque
552 3639 705 3718 angelicae
723 3645 889 3719 potestates
908 3638 1045 3715 byssinum
1066 3636 1274 3716 gloriae-tuse
1295 3642 1459 3717 concinunt,

138 3736 205 3795 siue
219 3736 277 3798 bne
292 3737 439 3801 diceutes:
467 3741 498 3801 S.

517 3913 571 3976 De
594 3914 847 3984 sanctissima
873 3899 1077 3974 Trini'tate.

232 4043 318 4123 ,Vere
332 4047 451 4124 dignum
466 4058 496 4110 et
510 4051 616 4111 iustum
632 4059 687 4127 est,
699 4050 823 4130 aeduum
838 4058 867 4110 et
882 4049 1022 4128 salutare,
1031 4067 1086 4111 nos
1102 4047 1154 4109 tibi
1168 4064 1293 4130 semper
1308 4051 1459 4134 etutipr

135 4148 246 4223 gratias
261 4166 363 4228 agere,
379 4150 506 4212 Domine
521 4160 634 4228 sancte,
653 4151 740 4213 Pater
754 4154 954 4234 omnipotens,
975 4161 1098 4213 aeterne
1115 4151 1220 4229 Deus,·
1235 4154 1288 4232 qui
1312 4172 1386 4218 cunr
1404 4140 1458 4217 un'r

136 4251 239 4324 genito
253 4250 329 4314 Filio
351 4262 401 4315 tuo
424 4262 454 4341 et
472 4254 584 4335 Spiritu
599 4253 709 4317 Sancto
731 4275 805 4318 uuus
826 4275 859 4317 es
880 4255 979 4333 Deus,
1000 4273 1073 4315 uuus
1096 4272 1128 4314 es
1149 4253 1317 4335 Doniuus,
1343 4275 1412 4321 nou
1433 4256 1458 4317 ir

135 4350 221 4410 unios
235 4354 441 4431 singularitate
461 4374 627 4436 personae,
648 4356 702 4417 sed
726 4359 755 4418 io
777 4360 862 4420 unius
882 4356 1027 4419 Trinitate
1047 4356 1239 4420 substantiae.
1277 4358 1375 4433 Quod
1390 4350 1463 4422 εὖ

136 4445 174 4510 de
187 4457 236 4512 tua
250 4454 358 4536 gloria,
373 4436 528 4519 'revelant'e
541 4467 583 4537 te,
603 4459 765 4538 oredimus,
780 4460 840 4521 boc
857 4461 894 4522 de
909 4460 987 4522 Filio
1003 4468 1065 4537 tuo,
1085 4459 1144 4519 boc
1163 4456 1202 4519 de
1214 4458 1333 4539 Spiritu
1354 4464 1459 4525 Surb

135 4550 201 4613 siue
214 4552 379 4620 differentia
393 4558 583 4622 discretionis
596 4562 750 4623 sentimus.
783 4562 823 4624 Ut
836 4562 866 4624 in
882 4564 1075 4633 confessione
1087 4578 1182 4643 serae
1198 4563 1460 4645 sempiternaeque

136 4650 255 4721 deitatis
268 4666 300 4721 et
312 4660 343 4721 in
356 4663 495 4743 personis
508 4664 677 4746 proprietas
696 4673 728 4728 et
745 4666 925 4728 in'essentis
938 4667 1035 4728 unitas
1054 4672 1086 4727 et
1104 4664 1136 4727 iu
1149 4662 1310 4729 niuttte
1322 4667 1461 4751 odorettt
