3202 5176
598 396 600 401 V
668 298 759 376 '201
842 288 853 300 ’

67 482 177 568 nostrl
195 489 276 566 lesu
290 485 427 592 Ohristi,
451 491 510 585 qui
530 492 747 585 regenerasti
767 488 916 566 famulos
935 502 1014 567 tuos
1034 514 1081 565 ex
1099 515 1185 588 aqua
1206 505 1240 565 et
1258 486 1386 590 Spiritu

68 594 218 669 Sancto:
246 594 372 689 quique
402 592 525 667 dedisti
551 594 603 665 eis
629 594 869 669 remissionem
900 597 1048 668 omnium
1079 606 1320 691 peccatorum,
1349 608 1395 668 tu-

68 699 215 770 Domine
235 696 376 767 immitte
402 696 438 764 iu
450 696 523 769 'eos
549 692 712 791 Spiritum
733 692 897 770 Sanctum
924 708 1018 769 tuum
1035 694 1258 787 Paraclitum3
1286 710 1320 771 et
1343 699 1387 770 da
1475 722 1478 727 ’

67 803 117 874 eis
145 801 299 896 spiritum
332 800 520 893 sapientiae
549 808 584 870 et
597 798 823 872 'intellectusz
852 802 1005 894 spiritum
1033 803 1166 873 consilii
1193 811 1227 873 et
1252 801 1385 873 fortituss

11 978 15 986 ,
68 903 172 975 dinis:
205 903 356 997 spiritum
381 901 545 973 scientiae
572 909 606 971 ct
627 902 772 995 pietatis.
825 900 987 999 Adimple
1016 926 1079 977 cos
1108 906 1228 1000 spiritu
1253 907 1385 978 timoris

66 1005 132 1077 Dei
161 1007 197 1075 in
228 1005 367 1073 nomine
402 1001 540 1074 Domini
573 1005 684 1075 nostri
715 1001 794 1076 lesu
829 1000 980 1094 Christi,
1015 1028 1093 1077 cum
1126 1028 1193 1100 qno
1227 1008 1319 1080 vivis
1351 1015 1387 1077 et

65 1114 193 1198 regnas
220 1105 315 1178 Deus
343 1127 479 1199 semper
502 1128 579 1177 oum
604 1103 733 1201 Spiritu
760 1101 888 1179 Sancto
914 1129 977 1203 per
1003 1111 1113 1179 omnia
1142 1109 1281 1181 saccula
1308 1130 1385 1182 sae-

67 1209 233 1280 culorum.
276 1202 449 1292 ΑιιιθιιῙ).1

168 1321 275 1380 Postea
296 1321 395 1396 signat
408 1338 461 1381 eos
477 1320 507 1380 in
528 1302 671 1395 iroute²³)
690 1319 728 1380 de
744 1317 909 1382 chrismate
923 1319 1041 1382 dicens:
1068 1311 1242 1404 Signum
1266 1310 1384 1384 Chri-

64 1416 120 1487 sti
143 1415 183 1483 in
202 1404 332 1484 'vitam
352 1420 581 1482 aeternam.
616 1411 739 1483 Amen.
773 1411 849 1484 Pax
869 1422 991 1484 tecum.
1021 1412 1065 1485 Et
1088 1437 1167 1485 cum
1180 1417 1299 1510 spiritu
1311 1425 1381 1487 tuo.

167 1524 240 1584 Inde
258 1541 332 1583 vero
355 1522 488 1585 ascendit
513 1540 577 1583 cum
601 1521 723 1585 betunia
744 1522 901 1585 adsedem
928 1544 1008 1586 suam
1034 1535 1065 1586 et
1090 1525 1176 1588 dicit:
1205 1514 1322 1590 Gloria
1348 1520 1384 1587 in

63 1615 217 1690 excelsis
239 1611 366 1700 Doo³).

66 1759 277 1772 -ἠ

61 1824 139 1881 ollio.
153 1823 222 1878 eccl.
231 1823 259 1892 2,
269 1821 313 1876 16.
339 1821 468 1892 Spiritum
478 1821 605 1878 Sanctum
619 1821 719 1894 accip
728 1836 788 1877 ere
799 1836 951 1894 possumus,
963 1821 1050 1879 dore
1065 1828 1153 1878 autem
1165 1836 1219 1878 non
1231 1837 1384 1894 possumus,

61 1908 154 1966 sedat
166 1906 247 1962 detur
263 1907 347 1963 Deum
360 1906 527 1963 invocamus.
1311 1893 1315 1904 ’

122 1990 153 2067 1)
173 1990 383 2048 sacramentarii
405 1989 568 2061 Gregoriani
595 1987 772 2062 antiquissimi
795 1985 928 2060 Codices,
953 1989 1100 2047 Vaticanus
1124 1995 1152 2045 et
1178 1987 1384 2046 Othobonianns

58 2075 157 2152 (pb),
173 2077 302 2134 exhibent
322 2074 525 2131 Orationem
545 2073 586 2128 ad
603 2070 877 2146 consignandos
894 2074 1070 2131 infantes:
1091 2073 1285 2147 Omnipotens,
1309 2090 1382 2129 sem-

60 2161 171 2236 piterne
185 2164 267 2233 Dens,
279 2160 324 2234 qui
334 2176 502 2231 regenerare
517 2158 643 2230 dignatus
653 2176 684 2215 es
695 2159 747 2215 hos
763 2158 879 2214 famulos
889 2165 953 2214 tuos
965 2175 1000 2215 ex
1014 2175 1133 2231 aqna—
1142 2190 1183 2202 -
1191 2159 1283 2216 emitte
1291 2158 1321 2223 in
1333 2174 1383 2214 eos

60 2247 248 2319 septilormem
267 2244 390 2317 spiritum
409 2252 482 2301 tuum
496 2273 536 2287 -
551 2274 595 2285 -
614 2243 732 2315 adimple
753 2259 804 2299 eos
824 2243 920 2316 spiritu
936 2243 1042 2300 timoris
1065 2244 1105 2300 tui
1126 2252 1155 2300 et
1175 2244 1308 2316 consigna
1332 2240 1383 2300 eos
1460 2258 1464 2265 ‘

58 2332 143 2403 signo
162 2329 253 2387 erucis
273 2328 416 2385 christiin
435 2329 517 2384 vitam
532 2328 695 2400 propitiatus
710 2334 858 2384 aeternam.
872 2357 909 2370 -
929 2328 1006 2384 Nulla
1028 2329 1058 2385 lit
1075 2330 1176 2386 mentio
1198 2328 1382 2400 impositionis

60 2432 185 2472 manuum
197 2415 240 2470 vel
253 2413 389 2470 unctionis
400 2412 566 2468 chrismatis:
578 2419 606 2467 at
617 2413 665 2468 bas
677 2411 857 2469 caerimonias
872 2411 1118 2484 subintelligendus
1134 2431 1196 2470 esse
1210 2421 1313 2469 certum
1329 2420 1380 2469 est.

60 2509 111 2557 est,
146 2499 308 2571 Exprimere
326 2497 434 2553 ridetur
448 2496 607 2553 collectam:
633 2494 809 2566 Omnipotens
829 2496 994 2568 sempiterne
1009 2498 1080 2554 Deus
1095 2505 1147 2553 etc.
1177 2497 1382 2554 Ambrosinster

61 2585 95 2640 de
114 2584 190 2639 Sacr.
202 2584 230 2654 2,
241 2582 275 2638 3:
302 2581 449 2654 „Sequitur
470 2580 610 2653 spirituale
627 2579 807 2650 signaculum,
822 2578 895 2651 quod
912 2579 1025 2637 audistis
1042 2581 1125 2637 hodie
1143 2582 1209 2651 legi
1236 2581 1303 2648 Ouia
1319 2587 1382 2653 post

61 2671 164 2726 iontem
181 2673 317 2739 superest,
331 2673 361 2722 ut
377 2665 512 2738 perlectio
525 2667 587 2735 liat,
605 2664 713 2736 quando
727 2663 763 2721 ad
777 2663 979 2720 invocationem
996 2664 1155 2722 Sacerdotis
1166 2666 1314 2722 infunditur
1325 2665 1383 2739 spi-

61 2754 131 2810 ritus
142 2751 294 2825 sapientiae
306 2759 333 2808 et
347 2751 514 2822 intellectus,
529 2751 640 2823 spiritns
657 2749 764 2807 consilii
775 2756 857 2822 atque
870 2749 987 2820 virtutis,
1000 2749 1111 2824 spiritus
1123 2751 1288 2822 cognitionis
1300 2758 1381 2822 atque

62 2838 188 2910 pietatis,
205 2836 322 2910 Spiritus
336 2836 425 2893 sancti
440 2836 576 2893 timoris.“
1186 2897 1188 2902 .

124 2922 154 2999 1)
171 2914 345 2979 Innocentius
358 2921 394 2977 ad
407 2922 519 2978 Doceat.
529 2920 548 2975 l.
560 2936 584 2975 e.
593 2919 623 2973 6:
640 2917 813 2988 Presbyteris
825 2917 971 2976 ‘chrismate
982 2919 1160 2993 baptismatae
1172 2936 1295 2990 unguere
1306 2918 1380 2990 licet,

62 3007 112 3063 sed
129 3007 203 3080 quod
215 3008 249 3063 ab
263 3006 402 3078 Episcopo
414 3004 498 3061 luerit
509 3011 708 3074 consecratum,
726 3011 881 3060 nontamen
894 3004 1012 3061 frontem
1024 3020 1058 3062 ex
1073 3005 1171 3062 eodem
1182 3005 1246 3062 oleo
1259 3003 1380 3075 signare,

63 3092 136 3164 quod
152 3093 220 3149 solis
235 3092 350 3148 debetur
360 3088 518 3163 Episcopis,
530 3105 589 3144 cum
603 3087 713 3143 tradunt
724 3087 853 3160 Spiritum
867 3092 1042 3161 paracletum.

124 3177 154 3249 3)
172 3177 204 3233 ld
215 3184 258 3234 est
272 3175 447 3248 prosequitur
464 3172 572 3230 blissam
586 3172 706 3230 Sabbato
718 3171 818 3229 Sancto
834 3173 1038 3232 decantandam.

622 3364 826 3374 μ

59 3555 109 3630 ιι.
153 3555 407 3628 nonnosum
435 3554 484 3626 m
512 3553 908 3631 conrrmrnrmms
943 3498 1263 3628 slonnnnnro
1296 3556 1379 3627 nn-

390 3671 714 3748 nrmsrannno
738 3674 997 3746 Annianus
1005 3671 1047 3772 1).

163 3814 195 3882 1.
223 3808 423 3885 Pontificale
449 3810 594 3905 Egberti
623 3810 908 3907 Archiopisoopi,
937 3813 994 3906 qui
1017 3813 1109 3882 circa
1132 3812 1281 3883 medium
1304 3834 1379 3884 sae-

60 3916 174 3988 culnm
188 3925 349 3986 octavum
362 3911 619 3995 Eboracenscm
632 3911 777 4007 regebat
793 3914 985 3987 ecclesiam.
1023 3912 1191 4010 Accipe
1214 3919 1379 4007 signum

61 4027 240 4092 sanctae
268 4015 466 4109 orn†cis
493 4017 731 4089 chrismate
755 4016 910 4091 salutis
937 4019 980 4087 in
1009 4013 1180 4091 Christo
1211 4018 1311 4090 lesu
1338 4019 1379 4083 in

58 4123 190 4192 vitam
218 4125 444 4189 aeternam.
497 4117 637 4190 Amen.

99 4330 152 4412 ,1)
173 4335 249 4393 llulti
273 4337 402 4409 leguntur
423 4339 524 4396 vetusti
546 4339 663 4397 Ordines
686 4338 907 4399 confirmationis
927 4341 954 4398 iu
973 4339 1098 4411 llartcnii
1114 4338 1186 4393 libro
1204 4337 1239 4393 de
1260 4336 1378 4410 antiquis

57 4417 167 4488 ritibus,
180 4421 251 4493 apud
269 4421 430 4480 Gerbartum
444 4423 577 4496 aliosque.
606 4426 644 4482 At
657 4442 725 4483 vero
741 4442 801 4481 oum
817 4427 876 4483 lere
896 4426 1019 4484 omnibus
1033 4422 1158 4496 partibus
1175 4422 1247 4478 inter
1261 4439 1292 4478 se
1309 4438 1376 4477 cou-

57 4505 182 4576 veniaut,
208 4507 308 4563 suflicit
334 4509 492 4580 exscribere
508 4510 654 4566 sollemnes
674 4527 708 4567 ac
726 4502 835 4568 sanctas
849 4511 1060 4569 sacramentales
1068 4508 1232 4564 ‘formulae
1251 4507 1303 4564 Ubi
1322 4522 1377 4563 uon
1471 4492 1478 4515 i

57 4589 204 4661 apponitm
219 4591 292 4649 alind
307 4609 415 4666 nomen,
429 4594 553 4653 [artenii
565 4595 661 4651 librum
675 4595 816 4667 intelligas
