3202 5176
813 306 895 389 aaa
959 284 961 291 ’

461 624 464 628 ,
505 509 552 622 ι.
588 545 659 622 ax
690 506 922 624 urrunnu
959 504 1203 620 aonnuo.

299 715 448 778 Parochus
466 714 633 779 admonitus
652 711 691 776 de
710 715 810 795 aliquo
829 711 1015 776 matrimonio
1034 715 1065 774 iu
1078 728 1130 774 suu
1145 712 1285 794 parochia
1301 715 1517 795 contrahendo,

198 818 322 902 primum
341 827 506 896 cognuscat
520 836 558 879 ex
571 817 618 879 bis
631 815 668 877 ad
685 834 761 898 quos
775 825 911 896 spectat,
935 817 985 901 qui
1003 823 1034 876 et
1047 815 1151 896 quales
1166 814 1224 876 sint
1238 818 1287 895 qni
1300 818 1517 879 matrimonium

197 919 375 984 contrahere
394 921 515 981 volunt:
538 935 575 981 an
597 920 742 980 intereos
756 917 928 999 sitaiiqnod
943 915 1121 978 Guaouicnm
1136 917 1395 998 impedimentum,
1421 929 1515 980 utrum

197 1016 326 1105 sponte,
347 1021 459 1100 iibere,
480 1030 511 1083 et
524 1020 684 1083 secuudum
701 1021 888 1082 honestatem
902 1021 1083 1081 Sacrumeuti
1099 1020 1193 1080 veiint
1206 1020 1400 1082 contrahere:
1421 1030 1515 1082 utrum

50 1191 52 1201 ,
82 1135 83 1139 ’
196 1125 257 1186 sint
269 1124 300 1184 iu
314 1133 412 1186 aetate
425 1122 568 1202 legitima,
586 1131 619 1184 ut
632 1124 679 1183 uir
691 1122 795 1184 saitem
811 1121 1033 1202 quatuordecim
1046 1120 1152 1182 mulier
1165 1140 1238 1183 vcro
1253 1120 1407 1183 duodecim
1422 1140 1516 1184 annos

198 1222 369 1305 cispieverit
388 1235 418 1286 et
438 1233 563 1304 uterque
585 1226 659 1285 sciat
680 1223 843 1284 rudimenta
865 1222 951 1300 iidei,
972 1239 1037 1284 cum
1051 1241 1086 1284 ea
1099 1222 1207 1284 deinde
1223 1223 1300 1285 iiiios
1319 1238 1390 1284 snos
1404 1224 1515 1285 docere

195 1324 335 1388 debeant.
353 1358 390 1374 —-
403 1340 450 1370 ³—-
465 1325 591 1387 Noverit
604 1344 643 1386 ex
656 1325 790 1405 probatis
804 1310 984 1402 auctoribus,
995 1340 1071 1403 quae
1081 1325 1140 1385 sint
1149 1323 1295 1386 canonice
1306 1325 1515 1405 impedimenta

197 1416 374 1490 matrimonii
388 1426 581 1489 contrahendi
597 1436 626 1488 et
641 1444 716 1507 qnae
731 1434 911 1487 contractum
927 1426 1072 1504 dirimant,
1088 1435 1118 1488 et
1133 1429 1182 1506 qni
1197 1429 1257 1488 sint
1271 1428 1381 1504 gradus
1391 1445 1515 1488 consau-

197 1531 350 1608 gninitatis
370 1538 400 1590 et
413 1529 562 1590 aitiuitetis
577 1537 607 1588 et
620 1529 691 1589 item
704 1529 892 1604 cognationis
906 1527 1067 1607 spiritualis
1081 1546 1120 1588 ex
1132 1527 1273 1609 Baptismi
1290 1528 1340 1589 vei
1355 1526 1514 1590 Couiirma·

198 1633 289 1693 tionis
309 1631 499 1691 Sacramento
521 1637 699 1691 contractae.
741 1628 855 1690 Habeat
872 1630 1014 1709 imprimis
1036 1629 1102 1708 ipse
1122 1629 1201 1691 bene
1221 1631 1341 1707 cognitu
1354 1640 1514 1710 praecepta

196 1732 249 1794 iiia
270 1734 366 1794 omnia
385 1746 460 1812 qnae
474 1722 503 1791 i'u
517 1731 708 1791 matrimoniis
724 1731 780 1790 rite
794 1730 987 1800 conficiendis
1000 1733 1115 1792 serrari
1130 1725 1273 1810 oportere
1286 1733 1363 1792 sacri
1378 1730 1514 1793 &nones

198 1842 229 1895 et
247 1836 408 1914 praecipuo
432 1841 532 1895 sancta
550 1832 688 1908 Synodus
704 1830 876 1893 Tridentino
895 1833 995 1902 iussit;
1017 1832 1156 1912 dabitque
1174 1848 1295 1912 operam
1312 1842 1344 1893 ut
1356 1833 1408 1895 iila
1421 1835 1451 1894 iu
1465 1851 1514 1913 pa·
1541 1906 1542 1909 Ἴ

196 1935 300 1997 rochia
322 1924 376 1996 suu
395 1943 533 1996 accurate
547 1942 711 2013 exactaque
724 1942 889 1998 serventur.
930 1933 1105 1995 Praesertim
1120 1950 1195 1995 vero
1211 1936 1394 2013 meminerit,
1417 1937 1514 1996 matri·

196 2039 295 2099 munia
308 2037 386 2097 iuter
399 2044 548 2116 raptorem
562 2043 594 2096 et
606 2041 736 2115 raptam,
752 2034 817 2095 dum
830 2036 896 2115 ipsa
912 2036 1083 2115 inrupturis
1098 2028 1247 2117 potestate
1264 2039 1416 2115 manserit,
1430 2039 1513 2114 inite,

196 2149 314 2199 necnon
335 2137 516 2198 clandestina
540 2145 570 2197 et
591 2136 741 2217 quaelibet
762 2136 944 2199 matrimonia
963 2155 1040 2216 quae
1054 2137 1141 2198 aliter
1154 2155 1240 2217 quam
1253 2142 1411 2218 praesente
1424 2154 1512 2218 paro·

196 2239 273 2329 pibo,
293 2239 343 2300 vei
358 2239 419 2300 alio
433 2232 596 2300 Sacerdote
610 2239 646 2300 de
662 2240 755 2320 ipsine
768 2238 891 2319 parochi
905 2238 954 2299 vei
969 2238 1116 2300 Ordinarii
1130 2222 1271 2319 licentia,¹
1292 2225 1322 2303 et
1333 2238 1447 2302 duobus
1461 2240 1512 2300 uei

196 2340 293 2423 trusus
309 2341 434 2403 testibus
458 2341 687 2417 contrahuntur,
710 2359 749 2402 ex
763 2343 863 2422 ipsius·
872 2339 997 2402 concilii
1011 2341 1140 2403 decretis
1153 2343 1237 2404 irritu
1250 2341 1369 2405 omniuo
1383 2358 1420 2404 ac
1431 2342 1513 2404 nulia

199 2450 276 2528 usse.
304 2443 358 2504 Est
370 2452 465 2504 antem
479 2445 617 2524 proprius
632 2443 790 2524 parochus,
806 2445 855 2522 qui
870 2443 976 2504 adesse
990 2443 1090 2523 debet,
1104 2445 1142 2522 is,
1155 2446 1186 2505 in
1202 2436 1289 2505 cuius
1298 2445 1440 2525 parocbia
1454 2461 1511 2506 ma·

196 2536 365 2607 trinomium
392 2545 560 2607 celebratur
581 2547 646 2606 sive
664 2547 720 2605 uiri
736 2545 800 2605 sive
813 2545 955 2607 mulieris.
994 2543 1105 2607 Caveat
1117 2554 1272 2625 praeterea
1286 2547 1453 2626 parochus,
1473 2565 1511 2607 ne

195 2647 284 2709 ieciie
298 2647 333 2708 ad
347 2647 578 2709 contrahendum
591 2649 806 2708 matrimonium
819 2647 949 2708 admittat
963 2665 1057 2725 vagus
1071 2657 1102 2710 et
1115 2650 1294 2730 peregrinos
1309 2650 1403 2730 etqui
1417 2650 1511 2709 incer·

195 2755 242 2810 tas
254 2747 365 2811 habent
379 2750 483 2827 sedes,
499 2765 596 2830 neque
614 2751 683 2810 item
699 2766 770 2827 eos,
785 2750 835 2828 qui
850 2756 935 2810 autea
951 2751 1101 2827 coniugati
1114 2751 1249 2821 fuerunt3
1272 2759 1305 2811 ut
1319 2759 1388 2812 snut
1403 2768 1511 2812 uxores

196 2850 319 2911 militum
339 2852 388 2911 vel
407 2853 589 2932 captivorum
609 2849 659 2912 vei
680 2853 803 2913 aliorum
821 2853 870 2931 qui
889 2853 1135 2931 peregrinantum
1157 2853 1213 2912 nisi
1235 2850 1397 2931 diiigenter
1416 2854 1453 2914 dc
1471 2853 1512 2913 iis

195 2940 333 3014 omuibus
352 2953 429 3014 iacta
449 2954 640 3033 inquisitione
655 2963 685 3014 et
698 2972 732 3014 re
746 2952 782 3014 ad
797 2940 981 3013 ordinarium
997 2952 1093 3014 deleta
1107 2953 1144 3015 ab
1158 2972 1256 3033 eoque
1269 2954 1369 3016 habita
1381 2954 1418 3015 de
1437 2954 1511 3015 eius·

195 3054 274 3115 modi
288 3056 466 3117 matrimonii
481 3054 650 3116 celebrandi
664 3055 794 3132 licentia,
810 3073 886 3134 quac
900 3056 993 3132 gratis
1009 3055 1197 3118 concedatur.
1217 3088 1255 3099 -
1274 3057 1440 3136 Antequam
1455 3072 1510 3116 rna·

195 3158 362 3218 trimonium
388 3157 593 3235 contrabatur,
612 3166 659 3218 ter
679 3175 696 3217 a
714 3158 833 3238 propriu
849 3157 1084 3218 contrabentium
1099 3157 1229 3238 parocho
1245 3160 1393 3220 coutinuis
1408 3158 1510 3219 diebus

194 3257 281 3319 iustis
304 3260 334 3318 in
350 3257 484 3320 Ecclesia
503 3261 583 3322 iuter
593 3257 746 3320 biismrum
769 3258 913 3319 solemnia
931 3256 967 3320 ud
982 3261 1075 3339 ipsius
1090 3257 1215 3321 concilii
1229 3261 1442 3340 praescriptum
1455 3277 1509 3339 pu·

194 3359 274 3421 biice
297 3359 502 3438 denuntietur,
522 3363 600 3423 inter
618 3379 694 3443 qnos
714 3362 927 3421 matrimonium
948 3361 986 3421 sit
1007 3360 1247 3422 contrabendum.
1269 3392 1307 3404 —-
1330 3362 1361 3422 Si
1376 3380 1449 3423 reru
1464 3361 1512 3422 uir

195 3470 226 3522 et
240 3462 344 3521 mulier
357 3463 514 3547 parochiae
528 3467 588 3525 siut
601 3463 747 3540 diversae,
762 3465 791 3523 in
806 3472 929 3542 utraque
943 3463 1083 3543 parochia
1097 3463 1167 3524 hant
1180 3463 1432 3525 denuntiationes:
1449 3465 1511 3544 qui·

193 3562 251 3624 bns
269 3563 539 3626 denuntiationibus
558 3566 663 3644 iactis,
690 3566 715 3626 si
735 3560 846 3625 nullum
861 3565 1024 3643 legitimum
1040 3575 1208 3646 opponatur
1220 3566 1460 3646 impedimentum
1475 3567 1510 3628 ad

195 3656 426 3728 celebrationem
447 3670 623 3729 matrimonii
642 3668 829 3749 procedatur.
861 3667 920 3728 Sed
935 3669 962 3728 si
979 3668 1048 3747 quid
1067 3667 1183 3747 obstat,
1201 3669 1277 3729 ultra
1289 3669 1436 3748 parochus
1451 3684 1509 3730 non

193 3755 345 3848 procedat.
375 3801 412 3810 —
440 3769 553 3844 Quodsi
575 3770 731 3849 aliquando
755 3769 917 3850 probabilis
938 3770 1030 3832 fuerit
1046 3770 1176 3850 suspicio
1190 3770 1240 3830 vei
1255 3770 1311 3832 aiia
1326 3769 1509 3832 rationabilis

189 3887 281 3946 ¹ueutsa
307 3870 422 3947 subsit,
447 3873 569 3932 arbitrio
584 3871 726 3953 Episcopi
748 3873 964 3935 matrimonium
982 3872 1130 3934 malitiose
1144 3872 1279 3953 impediri
1292 3889 1404 3953 posse,
1426 3874 1452 3934 si
1465 3881 1512 3934 tot

192 3975 412 4052 praecesserint
428 3972 681 4054 denuntiationem
696 3984 765 4036 tunc
780 3975 816 4036 de
830 3975 950 4035 licentia
965 3974 1123 4052 Ordinarii,
1139 3974 1188 4035 vei
1202 3993 1259 4035 uua
1273 3983 1383 4036 tautum
1398 3975 1447 4035 hat
1460 3975 1509 4036 de-

191 4074 348 4152 nuntiatio,
363 4073 412 4135 uel
429 4074 533 4136 saitem
546 4077 680 4158 parocho
696 4085 727 4139 et
745 4076 859 4138 duobus
876 4075 925 4137 vel
942 4076 1035 4137 tribus
1049 4077 1176 4138 testibus
1190 4077 1397 4159 praesentibus
1411 4079 1509 4138 matri·

100 4165 108 4178 ’
192 4162 320 4257 ponium
345 4164 540 4242 celebretur.'
565 4176 681 4254 Deinde
701 4185 769 4240 aute
791 4179 869 4240 illius
893 4181 1190 4258 consummationem,
1217 4178 1456 4240 denuntiationes
1479 4177 1509 4241 in

190 4264 328 4351 Ecclesia
348 4280 434 4349 baut;
454 4290 486 4342 ut
506 4282 532 4355 ai
553 4283 650 4362 aliqua
670 4281 795 4342 subsunt
816 4278 1023 4363 impedimenta
1037 4282 1155 4344 facilius
1168 4283 1329 4360 detegant,
1351 4266 1409 4343 uisi
1423 4267 1511 4345 aliter

191 4379 363 4457 ordinarius
384 4383 450 4461 ipss
469 4384 612 4463 expedire
635 4383 819 4449 iudicaverit.
845 4416 884 4429 —-
910 4384 969 4447 Has
983 4394 1088 4447 ‘autem
1108 4384 1347 4448 denuntiationes
1359 4384 1510 4446 Perochus

190 4479 293 4543 iacere
316 4501 377 4543 uon
399 4485 590 4561 aggrediatur
613 4485 669 4545 uisi
692 4486 773 4565 prius
797 4487 834 4548 de
855 4488 1006 4566 utriusque
1027 4486 1229 4548 contrahentis
1248 4485 1344 4546 libero
1359 4501 1510 4549 consensu

191 4582 248 4644 sibi
263 4583 342 4645 beas
355 4592 482 4649 constet.
505 4621 542 4629 -
562 4587 594 4649 Si
610 4605 684 4648 vero
699 4588 776 4648 inira
790 4588 863 4650 duos
876 4605 994 4650 meuses
1007 4596 1078 4669 post
1089 4588 1183 4650 iactas
1197 4588 1437 4652 denuntiationes
1450 4608 1509 4652 ma·
