3210 5168
772 286 776 293 “
816 311 891 382 aas

196 503 232 577 in
258 499 430 587 mitibus,
453 499 499 569 ita
526 495 648 568 dextra
671 462 791 570 manus
817 499 892 571 eius
917 498 1053 570 virtutis
1081 495 1280 570 tribuateis
1305 500 1520 590 incrementa
1588 579 1593 588 ,

196 612 232 675 et
254 602 296 674 ab
318 603 411 673 omni
438 601 605 671 caecitate
625 599 793 694 spirituali
814 609 849 670 et
870 598 1016 670 bumana
1040 598 1163 672 oculos
1186 621 1307 671 eorum
1329 603 1462 696 aperiat
1483 612 1520 673 et

195 706 311 779 lumen
334 705 384 777 eis
412 712 575 773 aeternae
602 703 734 793 gratiae
761 701 940 774 concedat.
987 698 1053 785 Qui
1079 702 1166 771 vivit
1194 712 1228 772 et
1252 712 1378 795 regnat
1405 700 1518 801 atel).

231 870 236 875 -
298 834 371 894 Post
392 833 466 893 haec
484 829 766 893 sedente'Pontilice
787 831 890 893 scbolo
912 832 1032 894 inchoat
1053 841 1083 893 et
1104 835 1296 912 prosequitur
1317 833 1518 914 Antiphonem

195 947 225 999 et
237 935 383 999 Psalmum
398 930 448 994 15.
466 942 573 996 octavo
587 943 676 995 tono:
700 923 754 995 Tu
773 946 811 998 es
834 925 994 1015 Domine,
1018 928 1076 1020 qui
1096 928 1247 999 restituis
1270 925 1517 998 haereditatem

194 1051 315 1102 meam.
371 1025 549 1100 Conserva
574 1049 629 1097 me
651 1026 799 1097 Domine
822 1045 880 1099 etc.
902 1055 994 1116 usque
1016 1049 1082 1098 neo
1108 1020 1240 1098 me'mor
1262 1049 1323 1100 ero
1342 1032 1518 1099 nominum

195 1153 316 1204 eorum
341 1152 406 1231 per
433 1128 522 1200 labia
549 1149 635 1199 mea.
696 1136 855 1218 Repetunt
872 1147 934 1199 tota
958 1138 1145 1220 antiphona:
1174 1129 1227 1201 Tu
1251 1152 1290 1203 es
1312 1129 1460 1203 Domine
1469 1126 1515 1228 2).

295 1260 420 1341 lncepto
435 1258 548 1339 psalmo
562 1258 596 1319 P.
611 1276 675 1319 curn
694 1259 846 1320 forficibus
864 1258 1143 1345 incidituonicuique
1165 1258 1369 1322 eitremitates
1392 1263 1516 1344 capillo·

193 1381 258 1423 rum
273 1364 302 1422 in
317 1371 444 1442 quatuor
457 1361 549 1438 locis,
571 1360 712 1423 videlicet
737 1363 766 1422 in
788 1362 899 1449 fronte,
920 1364 950 1422 in
970 1364 1110 1444 occipitio
1130 1371 1161 1424 et
1182 1363 1217 1424 ad
1238 1372 1389 1444 utramque
1402 1383 1515 1444 aurem,

194 1464 302 1541 deinde
320 1465 349 1524 in
363 1462 460 1524 medio
475 1463 579 1544 capitis
593 1463 707 1542 aliquot
727 1466 824 1525 crines
846 1463 1031 1550 capillorum⁸
1042 1473 1071 1526 et
1092 1466 1122 1527 in
1142 1464 1238 1527 bacile
1259 1467 1387 1546 deponit·
1404 1474 1434 1528 et
1451 1468 1515 1548 qui·

193 1567 269 1630 tibet
291 1586 354 1627 cum
376 1565 516 1626 tondetur
536 1563 622 1625 dicit:
648 1555 815 1629 Dominus
842 1578 927 1652 pars,
949 1556 1169 1630 baereditatis
1198 1581 1302 1643 ¹meae
1331 1566 1365 1629 et
1396 1559 1516 1633 calicis

193 1661 281 1731 mei-r
304 1668 341 1729 tu
365 1672 403 1730 es
427 1659 485 1752 qui
510 1658 671 1731 restitues
694 1657 940 1730 haereditatem
960 1681 1070 1731 meam
1092 1650 1197 1731 mihis

298 1769 440 1831 Omnibus
463 1770 557 1829 tonsis
579 1769 674 1847 surgit
696 1769 729 1832 P.
744 1779 774 1830 et
794 1756 875 1831 stans
894 1788 999 1833 versos
1013 1772 1049 1833 ad
1063 1754 1150 1832 illos?
1178 1759 1332 1833 Oramus.
1372 1760 1515 1834 Praesta

194 1884 401 1959 quaesumus
421 1863 635 1958 omnipotens
654 1860 764 1952 Deus,
785 1873 822 1933 ut
841 1862 875 1934 bi
893 1862 1011 1935 famuli
1031 1867 1091 1953 tui,
1111 1870 1256 1959 quorum
1275 1862 1378 1934 bodie
1397 1885 1515 1938 comas

194 1968 343 2062 capitum
369 1985 432 2059 pro
457 1984 575 2034 amore
602 1964 718 2036 divino
747 1963 967 2060 deposuimus
990 1968 1025 2035 in
1050 1975 1108 2036 tua
1136 1965 1320 2035 dilectione
1343 1974 1514 2061 perpetuo

193 2064 353 2138 maneant
375 2076 409 2137 et
437 2040 597 2139 eosssine
622 2066 756 2137 macula
782 2069 817 2136 in
836 2070 1079 2162 sempiternum
1101 2054 1283 2167 custodias.
1338 2067 1407 2138 Per
1417 2064 1461 2164 ³).
1539 2076 1543 2083 '

299 2177 380 2239 'l'unc
401 2177 510 2238 Schola
529 2166 648 2238 inchoat
671 2177 885 2260 Antiphonem:
920 2168 963 2239 Hi
994 2169 1163 2265 accipient
1189 2167 1469 2263 benedictionem
1496 2191 1515 2239 a

193 2271 342 2343 Domino
374 2282 408 2342 et
433 2270 703 2353 misericordiam
729 2293 749 2340 a
772 2269 849 2341 Deo
877 2271 1019 2344 salutari
1045 2293 1128 2344 suot
1157 2273 1235 2364 quia
1257 2269 1344 2341 haec
1372 2281 1426 2342 est
1452 2293 1514 2364 ge-

193 2377 326 2446 neratio
343 2375 594 2469 quaerentium
619 2394 706 2443 eum.
762 2383 902 2462 Sequitur
928 2372 1059 2443 Psatmus
1092 2374 1151 2447 2'3·
1172 2373 1310 2472 Domini
1339 2382 1393 2445 est
1421 2381 1515 2444 terra

195 2494 257 2573 atq·
268 2496 299 2547 et
315 2487 460 2566 repetitur
471 2471 693 2564 duripuouu4).
714 2462 793 2559 'Qua
813 2485 1009 2563 linita-surgit
1028 2471 1142 2564 P.‚'·qui
1161 2488 1239 2545 inter
1254 2490 1368 2544 cantum
1382 2484 1514 2562 sederat,
1584 2524 1589 2531 -

195 2597 226 2650 et
239 2590 277 2650 ad
290 2589 382 2650 altare
397 2605 560 2649 conversus
578 2586 649 2649 dicit
668 2575 813 2651 Oremus
833 2597 862 2648 et
880 2589 1004 2648 ministri
1026 2588 1142 2649 dicunt:
1169 2566 1364 2650 Floclumus
1388 2584 1511 2670 genna.

193 2680 336 2853 Levabii
355 2745 480 2852 mom
502 2752 606 2851 tonsos
626 2788 804 2866 genuflexos
818 2807 922 2850 versus
935 2789 968 2851 P.
983 2789 1068 2850 dicit:
1096 2778 1231 2873 Adesto
1262 2780 1409 2851 Domine
1432 2799 1512 2874 snp-

170 2882 433 2981 ‘plicationibus
459 2883 586 2954 nostris
614 2892 647 2951 et
680 2881 743 2955 hos
770 2880 917 2954 famulos
943 2892 1021 2956 tuos
1051 2881 1140 2953 bene
1159 2882 1191 2976 †
1209 2882 1326 2964 dicere
1356 2882 1510 2974 dignare

194 2984 316 3097 quibus
336 2986 372 3054 in
399 2992 458 3053 tuo
481 2984 760 3055 sanctonomine
780 2982 931 3053 habitum
949 2996 1070 3057 sacrae
1087 2984 1511 3080 religionisimponimus:
1590 3026 1596 3036 ·

193 3097 231 3162 ut
252 3098 287 3160 te
313 3086 482 3178 largiente
511 3093 544 3154 et
572 3083 689 3155 devoti
716 3086 752 3154 in
779 3084 927 3158 ecclesia
955 3095 1012 3157 tua
1040 3088 1228 3183 persistere
1251 3098 1286 3159 et
1305 3089 1410 3159 vitam
1428 3108 1512 3182 per-

161 3194 175 3256 .'
194 3194 311 3287 cipere
338 3195 535 3258 mereantur
557 3196 740 3257 aeternam.
794 3187 862 3259 Per
872 3185 916 3284 ⁶).
1054 3180 1059 3187 ’

227 3368 231 3375 ,
297 3300 370 3361 Tum
386 3297 419 3360 P.
432 3297 518 3358 sedet
534 3307 562 3358 et
576 3299 725 3378 accipiens
739 3301 768 3358 in
785 3316 899 3359 manum
918 3299 1168 3380 superpelliceum
1190 3298 1259 3361 dicit
1279 3297 1420 3376 singulis:
1455 3287 1511 3358 ln-

194 3392 275 3483 duat
298 3404 333 3466 te
361 3392 528 3464 Dominus
558 3413 689 3462 novum
718 3391 908 3481 bominem,
937 3394 994 3488 qui
1010 3391 1208 3479 ¹secundum
1235 3391 1345 3463 Deum
1372 3400 1511 3462 oreatus

194 3494 304 3573 estin
324 3496 450 3570 iustitia
478 3503 516 3564 et
534 3496 713 3566 sanctitate
736 3496 891 3568 veritatis
900 3493 944 3592 ⁶).
1448 3522 1454 3535 ·

297 3607 336 3670 Et
354 3625 424 3667 mox
443 3607 567 3685 imponit
585 3604 658 3666 illud
671 3605 794 3667 cuilibet
810 3607 992 3686 repetendo:
1014 3594 1135 3667 Induat
1156 3613 1211 3665 etc
1236 3598 1395 3665 immittbns
1418 3621 1510 3682 usque

193 3710 230 3793 ad
244 3709 391 3791 scapulas,
412 3693 441 3767 et
455 3708 621 3768 immediate
635 3709 767 3787 trahens,
787 3709 813 3769 si
835 3727 922 3769 annm
940 3710 978 3769 sit
991 3717 1102 3770 tantum
1121 3705 1386 3787 superpelliceum
1406 3706 1510 3789 sicque

18 3822 25 3830 ”
72 3884 79 3893 „
192 3813 263 3875 iacit
283 3830 375 3892 usque
389 3810 424 3870 ad
439 3809 580 3883 ultimum,
597 3811 645 3889 qui
661 3829 697 3872 eo
713 3811 844 3872 totaliter
857 3811 1003 3879 induitur;
1025 3811 1050 3870 si
1072 3827 1146 3869 vero
1166 3809 1290 3888 quisque
1310 3828 1392 3869 suum
1406 3825 1510 3887 super·

192 3916 351 3996 pelliceum
365 3911 483 3990 babeat,
498 3912 608 3990 sipguli
622 3912 754 3974 totaliter
767 3914 933 3977 induuntur.
962 3913 1029 3989 Quo
1044 3909 1198 3992 expedito,
1213 3905 1350 3988 suigitl'.
1360 3920 1395 3971 et
1405 3926 1510 3969 versus

192 4018 230 4081 ad
242 4018 312 4080 illos
326 4002 411 4079 dicit:
432 4002 586 4078 Oremus.
625 4004 860 4104 Omnipotens,
878 4007 1084 4102 sempiterne
1101 4005 1211 4119 Daue,
1224 4005 1411 4101 propitiare
1429 4023 1511 4097 pec-

193 4170 400 4182 ——-—

244 4263 286 4335 ·l)
302 4263 428 4321 Occurrit
440 4265 561 4323 Collecta
578 4266 605 4322 in
621 4265 689 4322 coa.
701 4264 729 4320 S.
742 4263 826 4334 nngn
837 4281 870 4321 ac
885 4266 1088 4336 Rotomagensi.
1155 4261 1186 4340 ἓ)
1201 4264 1311 4337 Legitur
1324 4261 1418 4319 eadem
1429 4259 1510 4319 Anti-

192 4344 283 4416 pbona
305 4347 332 4401 in
351 4348 453 4405 codice
469 4351 496 4410 S.
511 4350 603 4420 Eligii.
691 4345 723 4424 3)
743 4349 831 4404 Habet
848 4350 1001 4406 orationem
1016 4350 1083 4407 God.
1096 4351 1124 4409 S.
1139 4349 1230 4420 ntipn
1314 4348 1345 4423 4)
1366 4344 1510 4418 Reperitur

191 4429 348 4501 Antiphone
363 4432 389 4488 in
401 4442 519 4506 utroque
534 4435 645 4491 codice.
700 4432 731 4509 5)
742 4433 838 4490 Exstat
849 4434 876 4490 in
889 4433 957 4494 eud.
972 4435 1000 4493 S.
1013 4434 1095 4507 Eligii
1111 4441 1138 4490 et
1149 4432 1354 4503 Rotomagonsi.
1406 4430 1438 4506 6)
1450 4428 1511 4484 lios

190 4512 321 4570 induendi
335 4517 502 4574 sollemniter
514 4535 587 4576 novo
599 4517 703 4576 clerieo
716 4519 943 4593 superpelliceum
954 4520 1066 4577 saeculo
1078 4517 1240 4576 duodecimo
1251 4517 1296 4574 vel
1308 4513 1511 4589 decimotertio

190 4595 337 4656 invaluisse
352 4601 467 4658 videtur.
659 4603 666 4615 ’
923 4622 928 4633 ·
