3202 5176
761 393 836 465 ude

138 579 250 648 mines
270 575 326 649 vis
347 573 466 647 salvos
486 572 561 646 fieri
580 583 614 646 et
634 575 678 645 ad
699 577 910 668 agnitionem
927 580 1081 652 veritatis
1094 581 1228 671 venire,
1242 580 1303 676 qui
1317 599 1387 654 neu
1400 581 1455 656 vis

140 687 285 757 morum
309 677 514 770 peccatoris,
537 676 600 751 sed
622 687 659 747 ut
681 687 905 752 convertatur
927 689 962 752 et
980 682 1089 770 vivat,
1111 684 1247 779 suscipe
1266 685 1455 755 oraticnem

140 800 265 866 meam,
292 798 393 871 quam
413 775 519 849 fundo
543 787 620 849 ante
644 788 867 875 conspectum
894 781 1097 854 clementiae
1122 793 1203 855 tuae
1229 804 1292 880 pro
1319 785 1455 859 famulis

140 890 176 952 et
200 878 393 952 famulabus
414 882 481 953 tuis
504 883 561 976 qui
582 879 626 951 ad
647 884 891 975 poenitentiam
908 894 1087 957 venerunt.

191 990 308 1053 Deinde
323 990 472 1052 Sacerdos
494 999 592 1052 cantet
611 1000 727 1072 septem
745 994 874 1073 psalmos
895 995 1123 1075 poenitentiales
1144 1009 1234 1076 super
1253 995 1455 1075 poenitentes,
1564 1054 1567 1062 .

137 1111 177 1156 ac
193 1093 323 1155 litaniam
341 1100 372 1154 et
384 1101 545 1177 sequentes
559 1085 813 1159 dicat'cratioues.
1455 1109 1458 1114 ·

243 1185 339 1259 Deus
373 1189 431 1281 qui
463 1189 611 1258 omnium
645 1186 875 1260 confitentium
897 1188 957 1260 tibi
983 1189 1089 1261 corda
1111 1184 1271 1285 purificas
1298 1197 1334 1258 et
1355 1207 1455 1259 accu-

140 1297 257 1362 santes
281 1308 377 1360 suam
399 1291 645 1361 conscientiam
670 1289 712 1360 ab
741 1293 833 1361 omni
859 1292 997 1364 vinculo
1018 1293 1200 1386 iniquitatis
1224 1289 1390 1378 absolvis,
1414 1289 1456 1359 da

140 1390 386 1482 indulgentiam
415 1392 558 1485 captivis
585 1399 619 1461 et
643 1391 845 1462 medicinam
871 1394 983 1465 tribue
1006 1395 1215 1480 vulneratis,
1248 1401 1286 1463 ut
1313 1389 1457 1462 exclusa

139 1492 371 1564 dominatione
388 1494 535 1586 peccati,
552 1491 670 1564 liberis
687 1492 748 1563 tibi
764 1492 932 1566 mentibus
948 1495 1163 1567 famulentur.
1194 1495 1262 1565 Per
1277 1490 1455 1566 Christum.

243 1592 297 1663 Da
315 1591 415 1664 nobis
441 1592 607 1680 Domine,
633 1602 671 1664 ut
693 1596 781 1666 sicut
801 1593 974 1688 publicani
994 1597 1155 1690 precibus
1177 1606 1211 1666 et
1237 1595 1457 1667 confessione

139 1693 297 1791 placatus
317 1714 369 1782 es,
392 1697 493 1765 itaet
519 1692 598 1764 buio
622 1693 752 1766 famulo
770 1705 830 1766 luc
850 1692 890 1764 N.
913 1695 1053 1790 placare
1072 1695 1231 1785 Domine,
1257 1706 1294 1766 ut
1319 1699 1355 1766 in
1375 1715 1458 1765 con·
1518 1787 1520 1790 y

140 1796 295 1867 tessicue
329 1792 433 1866 llebili
459 1815 664 1892 permanens
685 1806 719 1867 et
740 1797 981 1892 propitiatione
1002 1806 1061 1868 tua
1083 1806 1283 1892 perpetuam
1307 1796 1457 1866 clemen-

139 1899 222 1968 tiam
255 1906 347 1968 tuam
379 1908 522 1986 exoret,
552 1900 747 1992 sanctisque
775 1897 938 1970 altaribus
960 1909 994 1970 et
1016 1903 1237 1972 sacramentis
1260 1898 1458 1970 eum'resti-

138 2008 236 2088 tuas,
257 2019 462 2094 rursumque
484 1999 629 2072 coelesti
650 2001 784 2091 gloriae
804 2003 1023 2095 mancipetur.
1077 2001 1145 2072 Per
1165 1997 1344 2073 Christum.

246 2108 318 2170 Post
337 2109 411 2182 baec
430 2110 507 2171 dicat
524 2109 672 2171 Sacerdos
694 2111 729 2199 ad
754 2112 974 2191 poenitentem:
1000 2101 1063 2175 Vis
1083 2111 1175 2173 luam
1202 2102 1458 2174 confessionem

140 2198 252 2273 dare?
278 2209 498 2291 Respondebit:
518 2200 620 2273 Volo.
652 2211 735 2272 'lunc
755 2213 924 2290 interroget
944 2231 1009 2274 eum
1024 2210 1143 2275 dicens:
1162 2201 1282 2278 Credis
1296 2206 1330 2274 in
1345 2202 1458 2273 Deum

141 2303 277 2375 Patrem
307 2306 572 2398 omnipotentem
601 2312 635 2372 et
655 2301 780 2375 Filium
806 2314 842 2375 et
863 2304 1026 2400 Spiritum
1047 2303 1277 2402 Sanctumll)
1323 2314 1459 2394 Respon-

139 2413 240 2475 debit:
265 2399 388 2474 Gredc.
432 2412 601 2490 Interroga:¹
626 2400 746 2477 Credis
774 2405 866 2499 quod
888 2407 973 2478 istae
995 2416 1067 2479 tres
1087 2428 1276 2502 personae,
1305 2427 1389 2501 quas
1411 2407 1459 2477 di-

142 2506 256 2578 ximus
270 2506 385 2594 Pater,
405 2505 512 2578 Filius
535 2514 570 2575 et
587 2501 732 2601 Spiritus
750 2503 909 2595 Sanctus,
928 2528 1016 2581 unus
1037 2511 1080 2579 sit
1094 2505 1255 2604 Deus?⁸)
1283 2516 1459 2597 Responde:
1565 2584 1569 2600 Ι

145 2604 269 2678 credo,
317 2615 490 2692 interroga:
517 2603 657 2696 Credis,
685 2606 777 2702 quod
803 2610 838 2678 in
863 2605 928 2677 bac
949 2631 1072 2697 carne,
1102 2612 1135 2679 in
1159 2630 1224 2703 qua
1245 2629 1336 2679 nunc
1363 2605 1459 2703 esst)

143 2729 330 2801 resurgere
357 2706 508 2805 babes⁵)
533 2717 568 2779 et
588 2709 746 2805 recipere
772 2711 848 2782 sive
870 2707 997 2780 bonum
1018 2713 1093 2781 sive
1113 2710 1239 2780 malum
1263 2708 1355 2804 quod
1381 2730 1460 2802 ges-

144 2809 245 2884 sisti?
286 2819 464 2899 Responde:
497 2807 623 2882 Credo.
671 2819 744 2880 ltem
764 2809 977 2908 interroga:⁶)
1005 2809 1067 2884 Vis
1089 2812 1259 2882 dimittere
1281 2811 1369 2901 illis,
1404 2811 1461 2905 qui

144 2915 179 2985 iu
205 2919 241 2982 te
267 2923 501 3007 peccaverunt
528 2914 640 2983 emnia
668 2910 798 3001 debita,
831 2921 869 2984 ut
893 2921 928 2984 et
953 2911 1013 2985 tibi
1033 2912 1129 2987 Deus
1157 2913 1298 2985 dimittat
1318 2921 1462 3008 peccata

143 3023 219 3100 tua,
241 3017 316 3109 ipso
341 3004 536 3111 dieentes&
564 3013 602 3087 Si
627 3024 698 3085 n'cn
717 3016 918 3088 remiseritis
940 3014 1132 3088 bominibus
1151 3023 1294 3111 peccata
1321 3035 1460 3105 eorum3

143 3136 210 3184 nec
232 3126 329 3210 pater
348 3127 467 3190 uester
488 3116 651 3189 coelestis
674 3117 816 3187 dimittet
835 3116 936 3188 uobis
956 3127 1099 3212 peecata
1121 3126 1248 3189 vestra.
1284 3124 1460 3205 Responde:

145 3215 247 3287 Volo.
302 3223 375 3304 (ute
392 3226 519 3309 douram
542 3227 670 3306 qumque
693 3225 790 3287 liueuc
811 3242 889 3306 puae
904 3243 983 3304 prce
999 3222 1149 3288 uetustate
1163 3226 1222 3306 legi
1236 3243 1297 3286 uon
1307 3230 1460 3303 poteraut,
1485 3255 1488 3262 ·

142 3325 217 3388 uttd
228 3332 327 3389 tamen
344 3327 524 3393 cidebuutm
536 3334 681 3406 temlero,
694 3327 755 3389 ut'st'
769 3329 918 3408 quaedum
931 3329 1109 3406 poenitentes
1122 3328 1335 3406 ceremonias.)
1345 3317 1378 3407 8)

223 3424 232 3439 ’
249 3430 315 3505 Quo
334 3432 414 3494 facto
435 3432 501 3492 lixis
521 3432 649 3508 genibus
669 3433 699 3492 in
716 3440 795 3493 terra
809 3431 858 3490 ubi
873 3430 970 3491 stabat
983 3431 1159 3511 suppliciter
1172 3432 1264 3505 tensis
1279 3428 1412 3491 manibus
1426 3429 1462 3491 ad

146 3529 262 3591 eoelum
275 3530 381 3592 blande
397 3532 434 3593 ab
449 3518 541 3593 debili
554 3543 630 3593 voce
645 3531 739 3593 dicat:

144 3648 371 3662 ψ

211 3710 241 3787 1)
259 3702 342 3768 vind.
361 3711 395 3766 in
412 3712 552 3768 Patrem
573 3717 606 3769 et
625 3712 753 3770 Filium
777 3720 811 3769 et
832 3713 1004 3786 Spiritum
1026 3711 1201 3769 Sanctum.
1233 3703 1264 3784 ἢ)
1279 3709 1360 3766 vind.
1375 3728 1463 3782 quae

145 3796 428 3854 mododiximus.
449 3795 1127 3870 3)Vind‚trosperscuaesuntetunus.
1159 3791 1285 3871 t)viad.
1303 3794 1462 3852 incarne

143 3885 179 3940 iu
202 3897 278 3954 quo.
311 3878 342 3955 5)
362 3880 444 3940 vind.
467 3880 501 3937 iu
521 3881 600 3954 ipsa
621 3883 732 3940 babes
754 3898 954 3954 resurgere
973 3881 1006 3935 in
1026 3881 1082 3936 die
1102 3879 1238 3935 iudicii.
1269 3878 1461 3954 6)Vind.om.

144 3968 231 4024 verba
250 3968 333 4022 item
354 3967 561 4037 interroga·
606 3965 636 4042 t)
662 3967 743 4023 Vind.
766 3967 829 4024 Vis
849 3967 926 4023 dim.
948 3964 1033 4022 illis
1055 3971 1207 4037 peccata
1228 3979 1462 4037 quaecunque

145 4052 179 4108 in
199 4059 234 4107 te
256 4058 506 4123 peccaverunt
526 4051 676 4108 Domino
702 4051 858 4108 dicente.
893 4050 925 4126 8)
938 4052 1066 4108 Fortasse
1078 4049 1237 4105 exciderunt
1251 4065 1319 4120 quae
1335 4049 1462 4116 leguntur
1559 4051 1563 4055 '

146 4137 174 4192 iu
190 4135 258 4197 Cod.
274 4124 355 4192 vind.
378 4133 433 4205 „Et
447 4135 558 4208 require
573 4152 633 4192 eum
649 4136 813 4207 diligenter,
828 4135 852 4192 si
866 4143 911 4192 est
924 4136 1097 4193 incestuosus
1112 4142 1141 4191 et
1157 4134 1179 4190 si
1194 4149 1249 4188 nou
1264 4133 1329 4200 vult,
1344 4131 1403 4202 ipsa
1418 4132 1461 4185 in-

146 4228 222 4277 easta
237 4220 393 4291 dimittere,
408 4235 462 4274 neu
477 4228 557 4293 potes
571 4223 597 4276 ei
611 4221 679 4278 dare
693 4221 897 4293 poeniteutiam.
928 4222 994 4277 Nam
1009 4221 1033 4277 si
1048 4221 1105 4276 vult
1119 4219 1177 4291 ipsa
1194 4218 1295 4272 incesta
1310 4214 1461 4289 dimittere,

147 4305 192 4360 dic
206 4307 336 4376 psalmum
350 4305 493 4362 Domine
509 4304 553 4361 n‘e
567 4305 603 4360 iu
618 4304 753 4362 lurore
768 4312 840 4363 tuo.
856 4305 890 4362 lit
905 4305 949 4364 die
963 4306 1115 4362 orationem
1129 4304 1214 4357 hanc:
1231 4299 1335 4356 Cuius
1351 4299 1469 4369 indul,

148 4391 273 4458 gentis
294 4388 410 4466 (rectius
424 4389 479 4449 Sic.
494 4391 584 4446 Deus
599 4390 700 4447 cuius
714 4391 749 4446 in
759 4389 924 4459 dulgeutl
934 4388 962 4465 a)
979 4390 1068 4446 cuncti
1083 4385 1238 4455 indigent.“
1265 4383 1303 4440 lt
1317 4401 1385 4441 vero
1401 4400 1462 4439 cum

149 4471 363 4545 insequentibus
389 4491 504 4547 prorsus
524 4472 672 4531 abhorreat
692 4475 787 4532 Codex
807 4474 1029 4532 vindobonensis
1044 4490 1059 4529 a
1076 4469 1190 4528 formula
1205 4486 1286 4542 supra
1300 4470 1402 4540 scripta
1417 4468 1462 4525 vel

149 4559 246 4613 saltem
263 4557 293 4614 in
315 4561 412 4632 paucis
426 4561 547 4617 currilia
561 4560 717 4634 conveniat,
734 4561 819 4617 satius
832 4560 909 4631 duxi,
924 4559 1027 4617 codicis
1041 4556 1203 4627 scripturam
1218 4552 1260 4632 (in
1275 4553 1365 4610 multis
1379 4551 1463 4610 vitic-

150 4639 222 4714 sam)
240 4642 333 4700 Ordini
347 4662 382 4701 ex
397 4645 469 4702 libro
485 4643 596 4702 Hernici
611 4645 750 4717 descripto
766 4652 896 4701 attexere.
1196 4674 1199 4679 ·
