3202 5176
734 282 739 299 “
772 321 847 393 aar

155 503 310 598 Domini,
331 506 474 600 fragiles
495 505 621 584 solidet
640 503 877 600 invalidasque
896 502 1091 593 confirmet,
1114 500 1240 602 pietate
1261 507 1404 598 allevet,
1426 516 1461 583 ot

155 621 285 684 mentes
306 620 417 705 regat,
439 612 513 684 vias
531 609 666 700 dirigat,
688 611 913 701 cogitationes
931 618 1066 681 sanctas
1084 610 1247 699 instituat,
1265 621 1360 685 actus
1379 634 1460 709 pro-

150 715 225 803 bet,
252 736 358 809 opera
379 711 545 809 perficiat,
566 713 706 788 caritate
727 709 894 800 aedificet,
920 710 1086 805 sapientia
1104 712 1283 802 illuminet,
1306 717 1459 788 castitate
1562 778 1564 785 ,

154 820 294 905 muniat,
318 819 459 889 scientia
479 819 633 903 instruat,
656 811 723 895 tide
745 811 866 902 firmet,
888 816 923 885 in
944 815 1069 886 virtute
1092 815 1303 910 multiplicet,
1326 819 1361 889 in
1383 840 1460 891 san·

155 925 267 995 stitate
293 919 468 1008 sublimet,
502 917 544 991 ad
570 917 764 1013 patientiam
789 925 989 1012 praeparet,
1015 916 1061 987 ad
1087 915 1313 991 obedientiam
1339 919 1461 995 subdat

155 1024 288 1096 sobrias
310 1031 469 1118 protegat
491 1031 526 1095 et
546 1019 686 1116 pudicas
706 1021 741 1090 in
761 1018 952 1093 infirmitate
969 1021 1096 1109 visitet,
1117 1022 1153 1091 in
1172 1020 1293 1095 dolore
1311 1023 1459 1113 relevet,

153 1130 189 1198 in
215 1129 400 1198 tentatione
427 1123 612 1212 custodiat,
639 1125 674 1192 in
695 1125 922 1217 prosperitate
943 1131 1122 1218 temperet,
1148 1126 1184 1195 in
1202 1125 1377 1199 iracundia
1398 1130 1458 1200 mi·

154 1233 251 1322 tiget,
269 1232 302 1299 in
320 1231 494 1323 iniquitate
515 1225 685 1315 emundet,
702 1224 855 1297 infundat
872 1228 1027 1317 gratiam,
1044 1227 1192 1298 remittat
1205 1227 1383 1319 offensam,
1402 1232 1478 1302 tri-⁴
1534 1308 1538 1325 Ι

134 1330 235 1404 ‘buat
261 1331 480 1427 disciplinam.
539 1327 583 1401 Ut
609 1327 660 1401 bis
684 1337 719 1399 et
743 1327 908 1401 similibus
933 1327 1116 1402 virtutibus
1141 1327 1248 1401 fultae
1275 1342 1308 1403 et
1334 1335 1460 1407 sanctis

155 1434 316 1529 operibus
338 1435 540 1522 illustratae,
567 1431 626 1503 illa
651 1452 788 1526 semper
814 1428 977 1503 studeatis
1004 1454 1122 1525 agere,
1147 1455 1235 1527 quae
1256 1434 1359 1526 digna
1380 1434 1460 1509 bant
1590 1472 1594 1483 ·

153 1539 437 1608 remuneratione.
481 1533 581 1605 Illum
606 1530 758 1605 habeatis
781 1540 915 1623 testem,
942 1555 1044 1627 quem
1069 1532 1247 1606 habiturae
1274 1542 1356 1611 estis
1372 1539 1460 1623 iudi-

155 1661 242 1726 cem,
266 1649 301 1711 et
321 1659 387 1709 vos
410 1638 543 1731 aptotis,
565 1645 602 1727 ut
621 1634 894 1731 praefulgentem
914 1638 1056 1728 gestetis
1078 1638 1113 1706 in
1134 1658 1235 1708 manu
1256 1639 1459 1737 lampadem,
1562 1666 1570 1684 1

153 1744 339 1813 intraturae
359 1742 480 1835 sponsi
503 1738 695 1826 thalamum,
720 1739 906 1812 occurratis
930 1759 1007 1827 cum
1028 1737 1155 1831 gaudio
1181 1749 1216 1812 et
1237 1741 1320 1812 nihil
1340 1746 1375 1813 in
1396 1763 1460 1815 vo-

153 1844 206 1919 bis
227 1845 378 1940 reperiat
398 1840 576 1933 foetidum,
602 1840 685 1913 nibil
699 1839 897 1930 sordidum,
919 1839 1003 1912 nihil
1023 1841 1210 1938 occultum,
1233 1843 1316 1917 nibil
1342 1867 1460 1918 corrn-

153 1957 259 2042 pturo,
281 1945 365 2018 nibil
384 1945 611 2035 inhonestum,
630 1941 694 2017 sed
711 1945 832 2017 niveas
851 1953 884 2015 ct
902 1942 1063 2016 candidas
1085 1946 1226 2036 animas,
1245 1968 1480 2043 corporaque¹

154 2049 266 2121 lueida
289 2059 390 2143 atque
414 2047 603 2143 splendida,
623 2055 661 2117 ut
683 2068 760 2118 cum
781 2045 840 2117 ille
864 2046 936 2119 dies
958 2046 1154 2121 tremendus
1176 2053 1461 2124 remunerationis

154 2152 331 2240 iustorum,
348 2151 647 2246 retributionisque
666 2148 833 2219 malornm
851 2149 1042 2240 advenerit,
1062 2171 1133 2221 non
1149 2153 1299 2225 inveniat
1312 2155 1346 2222 in
1359 2152 1461 2226 vobis

154 2254 260 2327 ultrix
277 2252 423 2341 flamma,
442 2253 533 2348 quod
552 2263 639 2342 urat,
659 2250 721 2325 sed
739 2249 852 2322 divina
869 2253 992 2348 pietas,
1010 2250 1102 2346 quod
1121 2265 1277 2345 coronet,
1297 2278 1380 2351 quas
1394 2257 1461 2327 iam

152 2359 188 2431 in
210 2356 276 2443 boo
302 2355 441 2430 saeculo
466 2356 684 2451 conversatio
706 2352 870 2461 religiosa
890 2352 1085 2443 mundavit,
1112 2364 1149 2425 nt
1171 2355 1212 2427 ad
1233 2357 1380 2430 tribunal
1403 2380 1461 2431 ae·

154 2461 242 2532 terni
260 2461 354 2553 regis
373 2480 592 2544 ascensurae,
615 2456 775 2551 celsaque
795 2457 932 2551 palatia,
954 2477 1031 2528 curn
1048 2455 1168 2529 iisdem
1187 2462 1386 2532 mereamini
1402 2460 1461 2532 ba-

153 2562 237 2633 bere
254 2564 516 2658 proteetionem,
533 2562 589 2655 qui
604 2568 790 2654 sequnntur
802 2559 943 2651 Agrum
956 2567 990 2629 et
1004 2569 1139 2630 cantant
1151 2562 1317 2634 canticum
1332 2585 1460 2635 novum
1570 2647 1573 2652 ,

154 2666 227 2740 sine
242 2667 447 2752 cessatione,
462 2664 532 2735 illic
544 2671 771 2760 percepturae
785 2662 972 2759 praemium
983 2670 1063 2757 post
1075 2658 1241 2753 laborem,
1257 2687 1460 2762 semperque
1564 2732 1568 2737 .

155 2771 317 2840 maneatis
338 2771 372 2839 in
392 2769 580 2839 viventium
601 2768 754 2859 regione.
792 2763 908 2860 Atque
929 2766 1004 2861 ipse
1025 2763 1205 2838 benedicat
1227 2788 1292 2842 vos
1314 2769 1357 2840 de
1381 2774 1460 2840 coe-¹

153 2870 209 2962 lis,
236 2872 291 2966 qui
310 2894 373 2966 per
399 2872 511 2942 crucis
532 2870 727 2966 passionem
750 2866 930 2939 humanum
954 2888 1062 2959 genus
1083 2876 1135 2939 est
1163 2867 1320 2963 dignatus
1340 2873 1461 2943 venire
1575 2922 1581 2929 -

154 2974 189 3042 in
214 2975 314 3044 terris
339 2972 529 3062 redimere,
552 2968 652 3046 Iesus
676 2967 829 3046 Christus
856 2969 1023 3043 Dominus
1049 2980 1187 3061 noster,
1216 2977 1272 3069 qui
1300 2997 1377 3046 oum
1402 2996 1460 3046 ae-

155 3082 253 3142 terno
275 3073 376 3144 Patre
405 3084 440 3144 et
462 3070 589 3170 Spiritu
612 3072 740 3147 Sancto
769 3076 811 3146 in
834 3076 963 3145 unitate
990 3071 1143 3169 perfecta
1168 3078 1256 3150 vivit
1282 3086 1316 3148 et
1337 3087 1461 3171 regnat

156 3171 250 3247 Deus
272 3175 464 3249 insaecula
485 3170 710 3249 saeculorum.
758 3182 801 3268 ib.
824 3178 946 3249 Amen.
1585 3170 1588 3177 ’

255 3342 370 3405 Deinde
385 3343 523 3405 Pontifex
534 3345 644 3407 sedens
657 3362 723 3407 cum
736 3345 832 3422 mitra,
845 3345 963 3425 publica
977 3363 1052 3406 voce
1066 3344 1218 3406 anathema
1233 3345 1327 3424 ponit,
1343 3363 1381 3407 re
1395 3347 1459 3426 quis

157 3463 206 3507 aas
219 3463 235 3507 a
248 3446 347 3507 divino
360 3448 484 3508 servitio
498 3466 573 3528 quae
587 3447 699 3509 vexillo
717 3448 858 3512 castitatis
872 3447 1120 3524 subiectaesuot,
1142 3447 1282 3525 abducat,
1301 3447 1397 3510 nullus
1412 3467 1460 3510 ea·

156 3567 216 3609 rum
231 3548 306 3610 bona
319 3551 473 3630 suscipiat,
488 3550 542 3611 sed
556 3569 591 3613 ea
605 3569 670 3613 oum
684 3553 786 3632 quiete
796 3549 970 3631 possideant
984 3551 1013 3610 in
1028 3549 1102 3611 banc
1115 3549 1253 3612 formam:

254 3680 471 3752 Auctoritate
493 3685 731 3779 omnipotentis
750 3682 816 3753 Dei
837 3693 872 3754 et
892 3682 1070 3754 beatorum
1088 3682 1181 3755 Petri
1198 3692 1233 3754 et
1250 3681 1348 3754 Pauli
1364 3681 1459 3777 Apo·

155 3785 319 3856 stolorum
339 3785 426 3873 eius,
444 3783 583 3857 firmiter
600 3797 636 3857 et
652 3785 715 3859 sub
733 3788 1005 3857 interminatione
1022 3785 1243 3860 anathematis
1256 3785 1459 3874 inhibemus,

154 3907 198 3956 ne
219 3889 292 3982 quis
312 3899 514 3983 praesentes
533 3891 706 3981 virgines,
737 3911 800 3961 seu
823 3891 1098 3962 sanctimoniales
1119 3911 1140 3959 a
1165 3888 1281 3960 divino
1302 3889 1458 3974 servitio,

155 3992 208 4058 oui
228 3989 440 4062 subvexilio
459 3994 622 4063 eastitatis
638 3992 811 4064 subiectae
826 4001 916 4079 sunt,
934 3991 1091 4081 abducat,
1110 3993 1223 4063 nullus
1238 4011 1354 4061 aarum
1368 3989 1459 4059 bona

155 4095 311 4187 surripiat
333 4093 394 4165 sed
418 4116 458 4164 ea
486 4118 561 4164 oum
587 4098 700 4188 quiete
722 4094 928 4189 possideant.
973 4093 1106 4189 Siquis
1129 4105 1241 4167 autem
1262 4093 1328 4163 hoo
1350 4101 1458 4162 atten-

155 4204 228 4265 tare
249 4198 504 4290 praesumserit,
524 4198 726 4271 malediotus
748 4200 840 4271 sitin
862 4195 962 4281 domo
982 4208 1132 4271 etextra
1152 4197 1300 4283 domum,
1317 4194 1457 4267 noredi-

156 4304 230 4366 otus
261 4301 295 4369 in
327 4301 464 4369 civitate
491 4311 527 4370 et
553 4302 588 4369 in
614 4323 718 4392 agro,
750 4299 951 4373 maledictus
979 4300 1153 4393 vigilando
1181 4297 1456 4385 etdormiendo,

155 4395 352 4471 maledictus
380 4402 614 4475 manducando
645 4413 679 4474 et
698 4401 865 4491 bibendo,
893 4403 1093 4475 maledictus
1116 4399 1318 4471 ambulando
1341 4410 1375 4471 et
1402 4420 1456 4474 se·

157 4497 287 4587 dendo,
318 4502 496 4573 maledieta
523 4507 588 4575 sint
615 4527 695 4575 caro
724 4508 798 4579 eius
821 4515 856 4577 et
885 4527 963 4580 ossa
987 4515 1021 4577 et
1046 4525 1065 4574 a
1087 4503 1201 4597 planta
1227 4502 1324 4597 pedis
1345 4524 1455 4596 usqne

155 4601 197 4671 ad
218 4604 382 4675 verticem
402 4627 471 4677 non
491 4605 614 4681 babeat
636 4610 822 4683 sanitatem.
860 4603 992 4681 'Veniat
1016 4626 1119 4701 super
1141 4605 1236 4679 illum
1261 4604 1454 4679 maledictio
