3202 5176
773 346 845 415 142

149 546 320 608 munionem
333 544 482 621 vituperet
500 548 529 600 et
543 538 670 615 damnet,
688 546 792 618 utpote
805 539 843 602 ab
863 538 1027 620 apostoliea
1045 538 1205 602 traditione
1222 539 1370 601 alienum.
1407 536 1473 600 litut

151 650 314 727 est,longe
327 648 445 724 lateque
461 644 532 703 baec
548 640 731 702 consuetudo
752 660 807 722 per
827 643 970 704 ecclesias
992 641 1104 703 Galliae
1121 651 1151 702 et
1171 640 1352 704 Germaniae
1367 658 1473 722 propa·

149 761 219 829 gata
239 759 310 811 erat.
343 745 483 808 Permulti
505 743 632 806 Codices
651 743 762 805 babent
782 746 811 805 in
832 747 914 808 ealce
927 745 1155 807 Benedictiones
1177 744 1400 825 episcopales,
1422 761 1473 823 pro

148 854 290 915 festorum
304 851 447 910 varietate
462 847 604 909 diversas.
641 845 761 927 Gabriel
776 847 839 908 Biel
860 849 954 910 adbuc
974 849 1036 923 agit
1061 846 1098 908 de
1114 847 1168 909 bac
1181 846 1406 909 benedictione
1419 845 1473 907 sul·

147 955 235 1016 lemni
249 954 380 1014 lectione
391 949 549 1012 LXXXIX.
570 948 737 1011 Gerberius
750 950 952 1012 inPontilicali
966 949 1294 1037 monasteriillurepsis
1310 949 1387 1011 anni
1395 943 1473 1010 15oe

147 1057 339 1133 investigavit
360 1054 534 1116 soliemnem
554 1053 796 1114 benedictionem
816 1064 885 1115 ante
904 1057 1005 1131 Agnus
1024 1053 1082 1113 liei
1102 1055 1230 1133 positam
1248 1053 1283 1112 in
1304 1051 1472 1113 lestivitate

118 1186 122 1193 ·
147 1159 177 1219 S.
192 1158 321 1220 loannis.
359 1154 406 1218 Dc
425 1153 545 1217 Moieots
558 1157 587 1216 in
603 1157 710 1223 itinere
724 1155 864 1233 liturgico
883 1158 915 1217 in
935 1156 1085 1217 nonnuliis
1106 1154 1219 1215 Galliae
1239 1153 1387 1215 ecclesiis
1407 1170 1471 1215 eun·

148 1260 213 1322 dem
228 1263 314 1321 ritum
329 1259 508 1321 observavit.
537 1255 705 1333 Murisuistc
726 1258 835 1336 relect,
857 1277 934 1320 anno
955 1254 1039 1319 1724
1057 1256 1161 1319 Leodii
1184 1258 1213 1317 in
1233 1257 1319 1331 festo
1344 1256 1380 1317 S.
1394 1242 1470 1317 Lam·

147 1363 225 1424 berti
238 1360 374 1440 (Patroni
388 1359 484 1437 urbis)
498 1380 532 1422 se
551 1369 737 1441 praesentem
757 1363 862 1423 missae
880 1362 1040 1442 pontificali
1062 1359 1305 1421 benedictionem
1321 1357 1389 1422 boo
1408 1356 1470 1419 locu

146 1473 213 1527 ante
236 1461 343 1542 Apsus
361 1462 621 1545 Dcipercepisse.
655 1463 729 1524 Num
757 1462 846 1525 hodie
874 1464 984 1544 uspiam
1012 1466 1057 1525 ita.
1072 1462 1286 1540 benedicatur,
1306 1480 1370 1555 pro
1391 1469 1469 1523 certo

147 1567 327 1629 nonhabeo.

250 1668 283 1731 ln
311 1659 437 1731 formula
463 1667 564 1729 llaec
588 1667 813 1728 commixtio
836 1675 892 1749 eto.
913 1666 1030 1746 plurimi
1055 1676 1174 1729 veteres
1196 1668 1343 1728 omittunt
1368 1684 1465 1727 vocem

147 1791 218 1834 sane
230 1771 406 1851 superlluam
420 1779 509 1850 atque
523 1769 621 1847 ambig
603 1787 687 1830 uuam
703 1779 739 1843 et
754 1772 1014 1831 consecratio.
1048 1769 1080 1831 ln
1096 1768 1207 1867 ΙΙίιιιΙΙ
1222 1760 1466 1831 cisterciensium

146 1876 214 1936 anni
230 1869 352 1934 1487
328 1893 372 1935 suo
387 1873 526 1936 habetur:
553 1870 638 1933 llaec
650 1876 851 1949 sucrocpoctc
864 1872 1035 1933 commistio
1049 1904 1094 1917 -
1111 1902 1157 1915 -
1170 1871 1227 1949 fiat
1239 1870 1319 1933 mitit
1331 1878 1367 1932 et
1382 1869 1465 1953 Μ

145 1975 204 2037 buo
223 1975 408 2036 sumentibus
425 1974 512 2035 aulus
525 1975 632 2035 mentio
645 1979 675 2034 et
691 1974 829 2052 corporis
842 1974 885 2034 ad
898 1975 991 2035 citum
1010 1979 1166 2035 aeternam
1183 1973 1466 2052 promerentibus

146 2076 363 2155 capescendum
372 2077 571 2155 praeparatio
584 2075 740 2136 salutaris.
769 2075 954 2139 Cartbusiani
973 2086 1064 2139 totam
1077 2080 1284 2156 precationem
1298 2076 1472 2158 repudiant,¹

147 2182 267 2242 omnino
282 2182 312 2240 in
326 2181 384 2242 hoc
396 2179 504 2241 blissae
523 2180 618 2259 capite
635 2180 811 2256 singulares.
852 2180 944 2241 Orant
959 2183 1037 2253 enirn
1056 2180 1150 2241 semel
1169 2181 1303 2257 Agnus
1326 2180 1400 2241 Dei
1416 2195 1464 2258 pro

146 2283 240 2359 vivis,
264 2283 357 2343 semel
384 2301 440 2362 pru
466 2282 642 2343 Delunetis:
672 2281 740 2343 dein
768 2291 967 2362 praetereunt·
985 2285 1164 2344 orationem:
1190 2282 1360 2343 Domine
1386 2281 1464 2343 lesu

148 2384 305 2446 Christo
323 2387 385 2465 qui
407 2385 562 2462 dixisti,
582 2385 612 2445 in
627 2385 726 2446 multis
741 2387 857 2447 variant
871 2394 1045 2464 sequentem
1065 2385 1224 2446 Domino
1245 2384 1342 2446 lesu
1365 2383 1464 2445 curt·

145 2495 204 2549 ste
221 2486 284 2548 lili
304 2487 375 2549 Dei
396 2490 494 2564 vivi,
517 2506 552 2549 ac
572 2496 711 2567 repetunt
725 2487 829 2563 Agnus
843 2488 899 2548 Dei
918 2488 963 2549 bis
985 2507 1040 2567 pro
1055 2489 1148 2565 vivis,
1168 2487 1263 2549 semel
1282 2504 1345 2567 pro
1360 2485 1464 2549 Delus·

146 2591 210 2650 etis.
244 2589 304 2651 Sed
325 2591 379 2651 iam
400 2608 488 2677 snpra
508 2592 690 2666 monuimus,
713 2590 869 2674 ecclesiam
890 2590 960 2650 olim
981 2610 1040 2651 non
1065 2609 1152 2651 unum
1170 2591 1367 2671 eundemque
1384 2591 1464 2651 ritum

64 2742 72 2749 .
128 2709 280 2753 ¹servasse
294 2695 323 2753 in
343 2692 527 2754 decantando
544 2695 674 2768 Agnus
688 2693 768 2752 Dei.
805 2692 887 2752 lluiti
909 2695 1002 2769 igitur
1015 2693 1082 2753 libri
1104 2701 1163 2753 noll
1176 2693 1357 2773 discrepant
1370 2711 1386 2754 a
1401 2690 1462 2753 Can

144 2795 276 2856 thusiana
291 2795 439 2871 religione
454 2794 503 2854 vel
518 2796 573 2855 alia
588 2795 704 2855 ratione
718 2795 753 2855 ab
769 2795 913 2855 hodierno
929 2815 982 2856 usu
997 2795 1181 2857 dissentiunt.
1296 2858 1301 2865 ,

222 2893 581 2973 CantnngnusDei
598 2897 710 2974 privata
724 2896 842 2958 licentia
859 2898 928 2958 olim
942 2898 1149 2977 interpolatum
1165 2915 1312 2959 essenon
1328 2894 1464 2977 estquod

143 3006 320 3077 repetamus.
347 2995 457 3088 Boou
449 3017 479 3057 m
496 2999 617 3077 antiquo
633 2997 710 3059 libro
726 2999 800 3076 legit
814 3000 891 3060 hunc
905 3010 1040 3080 tropum:

246 3100 375 3177 Agnus
401 3100 474 3161 Dei
509 3102 572 3178 qui
600 3099 714 3161 tollis
739 3112 901 3181 peccata
928 3103 1070 3181 mundi,
1094 3103 1214 3165 crimina
1235 3101 1342 3179 tollis,
1363 3117 1465 3182 aspera

143 3200 261 3279 mollis,
286 3221 380 3278 agnus
404 3203 528 3263 honoris
555 3205 743 3264 miserere
766 3206 887 3267 nobis.
912 3206 1132 3284 Agnus-liei
1154 3206 1216 3284 qui
1237 3204 1359 3267 tollis
1380 3221 1465 3284 pee-

144 3312 230 3365 cata
253 3305 376 3364 muudi
405 3305 526 3367 vulnera
545 3294 641 3383 sanas,
660 3306 748 3368 ardua
763 3308 876 3387 planas,
892 3327 986 3385 agnus
1004 3311 1112 3370 aaronis
1131 3309 1320 3381 miserere
1343 3308 1463 3369 nobis.

143 3406 276 3482 Agnus
293 3405 362 3466 Dei
381 3410 445 3487 qui
469 3408 581 3468 tollis
603 3420 761 3488 peccata
788 3411 932 3490 mundi,
955 3408 1342 3475 sordida'mundascuncta
1361 3411 1464 3473 iecus-

143 3507 206 3585 das,
222 3525 315 3585 agnus
330 3509 431 3570 odoris
450 3510 544 3572 dona
563 3506 674 3572 nobis
697 3531 834 3591 pacem.

244 3609 391 3691 liupertus
414 3612 573 3674 'luitiensis
593 3614 630 3676 de
649 3613 708 3675 div.
725 3616 803 3677 ollio.
825 3635 851 3677 c.
868 3610 908 3676 17
934 3616 1024 3678 babet
1045 3616 1104 3678 boc
1124 3558 1380 3677 additamentum:
1408 3611 1464 3688 Qut

140 3710 229 3772 sedes
241 3712 284 3773 ad
294 3714 434 3775 electrum
443 3716 543 3794 putris
555 3717 699 3777 miserere
713 3717 808 3781 ambio.
842 3717 884 3778 lta
906 3721 1020 3780 invenit
1035 3718 1200 3804 Gerbertus
1215 3718 1245 3778 ln
1260 3707 1382 3779 Codice
1396 3716 1462 3777 We·

141 3815 317 3892 nigarteusi.
348 3816 381 3877 ln
395 3819 666 3881 Sao-Gallensibus
681 3821 761 3881 obvii
784 3830 867 3883 erant
881 3822 953 3883 Viro
968 3822 1066 3883 Docto
1092 3799 1226 3901 „Versus
1248 3838 1344 3900 super
1358 3821 1463 3898 Agnus

139 3916 195 3979 Dei
215 3919 245 3979 in
267 3921 385 3981 summis
402 3919 647 3983 festivitatibus.“
686 3922 719 4019 lu
739 3922 924 3984 Bibliotheca
942 3942 994 3984 sua
1015 3924 1237 3985 San-blasione
1257 3922 1371 3987 similia
1394 3923 1464 4000 legit

125 4038 167 4089 ‚v.
183 4039 208 4083 c.
228 4040 332 4083 versus
348 4042 438 4104 super
452 4026 557 4102 Agnus
576 4026 631 4087 Dei
647 4011 710 4087 cum
725 4027 877 4087 Biscantu:
904 4021 1023 4087 summe
1036 4025 1121 4091 Deua
1134 4043 1194 4086 rec
1204 4023 1378 4103 coelorum,
1392 4039 1463 4086 uero

137 4122 223 4185 solus
245 4123 393 4203 fidelium,
421 4143 480 4188 aue
499 4128 592 4206 punis
615 4125 792 4204 sauciorum
819 4144 895 4191 occu
922 4129 1010 4191 solus
1028 4128 1229 4208 peccantium.
1273 4128 1323 4189 Ite
1351 4126 1462 4191 blusiea

57 4286 60 4291 .
137 4226 256 4287 saeral
247 4246 300 4308 p.
314 4224 437 4309 lsosq.

239 4328 373 4393 XXXlll.
408 4332 552 4406 Quantum
573 4333 607 4393 ad
622 4331 730 4393 blissee
755 4336 849 4413 capita
871 4336 1047 4412 novissima,
1069 4333 1192 4395 saeculo
1206 4332 1326 4393 demum
1348 4332 1464 4395 decimo

137 4438 224 4490 sexto
238 4431 278 4492 ita
293 4432 391 4510 legum
405 4434 606 4495 sanctionibus
621 4434 765 4497 custodita
780 4446 826 4497 est
841 4437 1006 4517 disciplina,
1016 4448 1048 4498 ut
1061 4455 1140 4498 nunc
1153 4435 1299 4515 plurimae
1314 4436 1463 4497 ecclesiae

137 4549 201 4593 cum
214 4531 346 4597 llomaua
364 4537 430 4599 lere
446 4538 476 4599 iu
491 4537 627 4599 omnibus
643 4540 823 4618 conspirent.
865 4540 944 4601 Sane
958 4541 1068 4621 ubique
1082 4539 1243 4618 antiquitus
1256 4547 1391 4621 recepta
1405 4544 1464 4600 enat

137 4632 935 4740 Oratioltominelesn(ibristequidixisti,
951 4638 1464 4722 quaeoccurritinllissalllprici:
