3202 5176
705 326 818 436 oens
886 354 889 361 ’

87 555 172 617 nibus
188 556 280 636 ipsum
297 556 497 633 tangentibus,
513 554 627 616 dicens:
650 544 808 642 Ao'cipite
832 545 954 617 librum
974 555 1011 617 ut
1030 548 1197 642 incipiatis
1217 548 1320 623 horas
1338 573 1392 640 ca·-

86 651 227 722 nonioas
249 658 284 721 et
297 648 426 743 tegatis
448 647 598 721 officium
619 648 654 718 in
670 646 838 723 Ecclesia.
877 647 916 719 ln
932 642 1068 721 nomine
1088 644 1242 744 Peioris
1260 663 1295 724 et
1312 650 1392 743 Fi†

86 753 122 824 lii
143 762 179 823 ei
199 748 344 846 Spiritus
366 749 546 842 †.Sanoti.
589 753 631 841 Bo.
655 749 776 821 Amen.
823 761 925 840 Surgit
938 760 1093 838 Pontifex,
1114 763 1198 824 mitra
1212 762 1348 844 deposita
1362 775 1391 827 et
1462 817 1465 821 .

86 882 249 925 convensus
268 864 303 924 ad
317 865 410 925 altone
424 865 527 945 incipit
540 863 677 940 hymnum
691 852 742 924 Te
756 853 867 925 Deum
880 854 1074 942 laudamus‚
1096 883 1182 945 quem
1198 863 1311 928 Chorus
1326 886 1390 948 pro·

86 969 219 1047 sequitur
239 986 332 1048 nsque
353 967 387 1027 ad
411 968 496 1027 ionem
518 975 547 1027 et
571 983 607 1026 eo
631 966 712 1027 finito
733 965 807 1026 duae
829 984 866 1026 ex
881 963 980 1028 chono
994 966 1107 1029 dieunt:
1137 956 1306 1031 Confirma
1327 961 1393 1032 hoo

85 1060 193 1145 neue
215 1060 305 1154 quod
329 1071 489 1156 operatus
511 1080 549 1131 es
566 1060 601 1129 in
619 1058 727 1131 nohis.
764 1068 955 1149 Respondeat
969 1065 1098 1130 chorus:
1117 1060 1151 1132 A
1170 1062 1297 1158 templo
1316 1085 1391 1136 san-

86 1172 141 1233 cio
171 1172 250 1251 ῐῑιο,
280 1162 371 1257 quod
393 1172 445 1236 esi
466 1165 501 1233 in
520 1161 716 1234 Ierusalem.
759 1170 797 1232 Et
819 1171 957 1233 Pontifex
976 1179 1056 1232 stans
1073 1170 1106 1233 in
1127 1190 1219 1234 cornu
1239 1172 1391 1254 Epistulae

85 1273 196 1351 altario,
211 1293 372 1335 conversus
387 1274 422 1336 nd
436 1275 539 1352 nitere,
555 1292 593 1334 ex
606 1273 806 1357 libnoibidem
820 1274 1005 1356 superationi
1020 1275 1118 1353 posito
1129 1276 1212 1338 dicit:
1225 1267 1392 1341 Actiones

84 1378 219 1442 nostras
240 1386 444 1462 quaesumus
462 1368 608 1439 Domine
626 1366 806 1462 aspirando
828 1368 993 1463 praeveni
1011 1377 1045 1438 et
1063 1366 1261 1440 adiuvando·
1273 1390 1404 1464 prose-¹
1428 1338 1539 1537 ᾳ

85 1492 204 1564 quere,
225 1480 263 1540 ut
283 1480 404 1540 cuneta
424 1480 542 1543 nostra
564 1470 672 1539 oratio
695 1476 729 1538 et
748 1472 902 1563 operatio
926 1492 945 1539 a
966 1481 1001 1540 te
1026 1491 1161 1566 semper
1187 1472 1336 1566 incipiat,
1359 1483 1395 1542 et·
1415 1514 1418 1519 -
1490 1554 1508 1569 ,Ι

83 1594 147 1666 per
172 1582 206 1642 te
234 1582 355 1666 coepta
382 1569 525 1642 finiatur,
573 1570 641 1640 Per
664 1567 741 1640 Ghn.

185 1683 333 1744 Posthaeo
352 1682 493 1761 Virgines
515 1690 705 1773 consecratae
729 1691 918 1744 revertuntur
938 1681 974 1742 ad
994 1691 1108 1763 portam
1131 1685 1317 1760 monasterii,
1342 1683 1391 1746 ubi

84 1784 222 1845 Pontifex
244 1803 293 1845 eas
310 1803 408 1846 coram
431 1805 464 1847 se
484 1784 657 1863 genuflexos
682 1793 851 1864 praesentet
869 1783 1044 1846 Abbatitsee
1064 1784 1199 1859 similiten
1217 1785 1393 1863 genuflexne

85 1886 200 1970 dicens:
228 1876 316 1948 Vide
343 1879 514 1973 quomodo
538 1880 619 1951 istas
641 1887 860 1952 consecratas
882 1877 971 1967 Deo,
993 1898 1114 1952 serves
1138 1887 1172 1949 et
1190 1899 1391 1973 repraesen-

83 1989 137 2055 te·
155 1982 407 2055 immaculatas:
439 1963 615 2053 redditu'nn
641 2002 704 2077 pro
732 1983 782 2051 eis
803 1984 970 2052 notionem
996 1990 1074 2052 ante
1101 1979 1248 2052 tribunal
1275 1983 1392 2076 sponsi
1520 1973 1524 1982 ’

84 2105 202 2154 earum
221 2087 358 2155 venturi
383 2085 512 2159 iudicis.
559 2092 630 2153 Tum
644 2091 782 2155 Pontifex
801 2093 879 2154 redit
899 2093 934 2154 od
949 2093 1111 2154 Ecclesiam
1131 2093 1246 2156 dicens.
1274 2082 1391 2156 Domi·
1454 2159 1456 2163 ,

82 2207 147 2258 nus
173 2184 361 2259 vobiscum.
404 2186 539 2260 Initium
568 2189 675 2259 sancti
694 2185 827 2279 Evang.
857 2208 925 2258 seo.
949 2185 1120 2259 Ioannem.
1165 2185 1204 2256 In
1223 2188 1389 2282 principio

83 2307 139 2359 eto.
155 2295 157 2299 ’
178 2297 216 2360 Et
231 2301 322 2360 saenis
336 2301 468 2363 vestibus
481 2299 624 2380 depositio
640 2300 719 2361 vadit
734 2298 762 2358 in
778 2317 860 2379 paee.
