3202 5176
766 366 842 444 alo

144 566 183 628 et
202 556 282 627 Filii
302 566 337 627 et
356 553 505 651 Spiritus
525 546 655 642 sancti,
675 563 712 627 ιιι
732 554 892 650 quicquid
913 555 1032 630 illicito
1052 543 1112 628 vel
1129 558 1239 680 usuro
1258 579 1365 653 opere
1381 580 1464 652 ege

144 664 237 748 runt,
259 680 324 754 per
349 657 438 729 hanc
465 659 660 729 unctionem
688 667 885 730 evacuetur
894 653 925 754 1)

247 761 305 832 Ad
334 761 444 854 pedes.
497 757 599 850 Urgo
626 757 690 830 hos
716 759 825 854 pedes
852 758 895 830 de
922 759 1003 833 oleo
1029 757 1275 848 benedicto,
1265 782 1301 838 m
1326 763 1464 843 nomine

145 863 257 934 Patris
280 872 315 933 et
341 861 420 932 Filii
441 871 477 931 et
501 858 655 956 Spiritus
673 857 810 935 Sancti·
835 872 870 935 ut
896 863 1056 956 quicquid
1079 859 1253 957 superfluo
1275 863 1336 939 vel
1355 866 1466 1005 noxis

144 966 285 1036 incessu
304 966 561 1050 commiserunt
584 965 648 1034 ista
672 963 786 1035 deleat
807 966 997 1059 perunctio
1007 961 1041 1052 2)

250 1065 317 1136 Ubi
340 1069 458 1161 plus
444 1070 590 1138 imminet
621 1061 683 1159 (sc.
709 1064 825 1162 dolor)
853 1065 955 1158 Ungo
981 1077 1016 1138 te
1036 1065 1079 1142 dc
1104 1065 1183 1137 oleo
1207 1070 1381 1159 sanctoin
1399 1088 1464 1145 ιιο
1498 1144 1502 1150 ,

146 1170 238 1237 mine
261 1167 372 1240 Patris
395 1178 429 1238 et
449 1166 528 1238 Filii
548 1177 581 1237 et
597 1167 748 1261 Spiritus
772 1165 900 1256 Sancti,
922 1166 1108 1241 obsecrans
1126 1169 1395 1247 misericordiam
1414 1171 1464 1264 ip-

147 1273 218 1343 sius
245 1273 345 1342 unius
370 1268 509 1340 Domini
534 1272 644 1342 nostri
669 1268 752 1342 lesu·
778 1269 921 1358 curisti,
945 1280 982 1341 ut
1008 1269 1166 1343 omnibus
1186 1267 1312 1362 iugatis
1327 1270 1465 1347 dolori·
1533 1305 1536 1310 ·

146 1370 210 1441 bus
229 1371 289 1442 vel
309 1371 642 1443 incommoditatibus
670 1375 828 1466 corporis
846 1375 907 1460 tui,¹
935 1380 1165 1466 recuperatus
1183 1375 1276 1442 vitae
1297 1375 1408 1443 virtus
1429 1381 1463 1444 et

145 1475 290 1545 sanitasa
319 1483 485 1565 quatenus
508 1496 570 1567 per
593 1472 692 1545 buius
714 1476 948 1568 operationem
969 1476 1124 1567 mysterii
1150 1481 1184 1542 et
1205 1497 1269 1569 per
1296 1474 1383 1544 banc
1410 1497 1463 1547 sa·

144 1577 232 1643 crati
262 1573 332 1644 olei
355 1577 551 1644 unctionem
580 1583 681 1666 atque
703 1583 854 1644 nostram
876 1573 1154 1667 deprecationem
1173 1579 1301 1646 virtute
1319 1562 1463 1646 Τιιιιιιιι

145 1671 190 1746 tis
210 1675 410 1762 medicatus,
434 1667 609 1770 pristinam
634 1683 669 1745 et
693 1677 803 1766 magis
828 1674 1005 1746 robustam
1029 1677 1188 1769 recipere
1213 1680 1379 1749 merearis
1408 1698 1463 1751 sa-

144 1779 295 1846 nitatem.
305 1771 337 1872 ³)

246 1879 303 1949 Ad
333 1898 447 1949 omnes
479 1893 652 1972 compages
686 1869 909 1950 membrorum
924 1842 1063 1969 tingo
1090 1886 1125 1946 te
1153 1875 1196 1946 de
1223 1885 1305 1947 oleo
1328 1873 1462 1967 sancto,

144 1974 304 2050 invocata
326 1982 441 2072 magni
460 1978 634 2051 creatoris
657 1981 848 2069 maiestate,
876 1981 934 2079 qui
958 1981 1058 2050 iussit
1077 1989 1141 2074 per
1163 1965 1360 2049 Samuelem
1381 2002 1463 2074 pro-

143 2080 279 2176 phetam
301 2085 386 2174 ungi
403 2080 517 2152 David
539 2102 668 2172 regem
711 2078 879 2176 Operareq
903 2090 1060 2151 creatura
1084 2079 1197 2168 olei,-
1187 2101 1223 2149 ιιι
1244 2084 1382 2151 nomine
1398 2081 1462 2152 Pa-

142 2184 204 2254 tris
228 2192 261 2254 ιι
280 2183 359 2261 Filii
382 2195 415 2255 et
434 2175 581 2279 Spiritus
596 2181 725 2271 Sancti
748 2192 784 2253 ut
804 2205 874 2254 uon
895 2183 998 2253 lateat
1019 2180 1084 2250 bio
1093 2178 1239 2275 Spiritus
1257 2182 1463 2271 immundus·

143 2305 257 2378 neque
284 2288 319 2355 in
344 2285 526 2371 membris„
553 2307 666 2377 neque
699 2287 736 2354 in
763 2274 941 2371 medullis,
970 2286 1139 2376 usquein
1164 2283 1235 2352 ulla
1258 2288 1461 2397 compagine
1560 2317 1564 2326 ²

143 2383 374 2461 membrorum
392 2387 454 2457 sed
472 2385 659 2466 inhabitet
650 2407 686 2460 m
703 2395 738 2456 te
758 2389 867 2458 virtus
889 2384 1015 2455 Christi
1033 2385 1187 2457 altissimi
1205 2383 1313 2460 Filius
1333 2388 1379 2458 ιι
1384 2395 1461 2460 sart-

144 2485 307 2556 ctificatio
326 2485 444 2565 Sancti
465 2486 623 2585 Spiritus.
632 2484 668 2582 ι)

244 2589 325 2659 item
352 2590 424 2660 alio
443 2594 558 2660 unctio
612 2586 746 2679 lunago
772 2589 838 2658 ιι
828 2587 1020 2657 innomine
1042 2577 1153 2659 Patris
1173 2595 1208 2657 et
1227 2575 1308 2657 Filii
1327 2598 1361 2659 et
1384 2583 1461 2684 sps·

141 2692 227 2760 ritus
251 2689 368 2761 Sancti
401 2692 481 2762 oleo
511 2700 631 2764 sancto
654 2700 755 2783 atque
782 2699 933 2777 sacrato,
958 2697 995 2758 ut
1021 2691 1148 2758 virtute
1170 2686 1316 2783 Spiritus
1343 2687 1462 2762 Sancti

141 2791 267 2866 tribuat
289 2791 349 2862 tibi
375 2792 462 2863 lraec
489 2813 588 2871 sacra
610 2794 725 2861 unctio
752 2791 931 2863 sanitatem
952 2792 1085 2860 animae
1109 2799 1144 2860 ιι
1170 2793 1327 2886 corporis
1347 2794 1382 2862 in
1405 2814 1483 2862 ιι.

141 2889 338 2966 missionem
366 2897 514 2986 omnium
537 2903 758 2987 peccatorum
783 2902 817 2964 et
840 2896 947 2964 vitam
973 2902 1160 2962 aeternam
1506 2971 1510 2976 ,

242 2994 410 3091 impositio
430 3013 590 3068 moneam
643 2994 740 3066 Deus
767 2995 922 3068 salvator
943 3002 1081 3082 noster,
1109 2995 1231 3087 quies
1258 3005 1343 3064 vela
1366 2996 1464 3069 salus·

143 3106 177 3167 et
204 3096 374 3171 medicina
402 3108 481 3175 eta
509 3119 577 3197 quo
602 3100 710 3168 omnis
733 3099 859 3169 sanitas
887 3105 921 3166 et
946 3095 1230 3169 medicamentum
1256 3099 1368 3167 venit:
1403 3102 1461 3190 qui

141 3197 290 3292 apostoli
308 3193 361 3267 tui
380 3219 469 3279 voce
495 3220 560 3269 nos
582 3200 735 3286 instruis,
757 3207 794 3268 ut
820 3196 1008 3293 languidos
1025 3197 1094 3268 olei
1120 3197 1255 3292 liqque
1266 3202 1483 3290 tangentes,

140 3308 228 3368 tuae
253 3300 466 3398 postulemus
500 3298 770 3371 misericordiam
800 3301 958 3393 pietatis·
985 3291 1147 3393 respice
1161 3301 1326 3402 propitius
1354 3318 1459 3404 super

140 3399 231 3469 bunc
255 3399 419 3471 famulum
447 3412 541 3475 tuum
563 3399 615 3471 lll
644 3408 678 3470 et
697 3399 797 3493 quem
820 3401 968 3491 languor
990 3408 1121 3470 curvat
1134 3399 1177 3469 ad
1200 3398 1330 3470 exitum
1352 3400 1388 3472 et
1399 3387 1463 3481 vl,-¹

140 3505 228 3570 rium
251 3501 407 3575 defectus
432 3504 535 3575 trahit
561 3501 603 3572 ad
626 3502 802 3590 occasum,
822 3500 957 3571 medela
976 3510 1056 3570 turae
1083 3502 1215 3607 gratiae
1236 3505 1392 3572 restituat
1414 3502 1457 3574 ad
1534 3544 1542 3555 ·

139 3585 294 3672 salutem
317 3584 408 3675 sana
429 3614 595 3705 quoque3.
600 3621 822 3696 quaesumus)
840 3605 989 3673 οιιιιιιιιιιι
1009 3594 1199 3672 medicator
1217 3604 1291 3674 eius
1310 3602 1461 3676 lebrium

140 3712 175 3772 et
208 3715 409 3776 cunctorum
440 3708 646 3798 languorum
677 3707 847 3776 cruciatus
881 3702 1197 3799 aegritudinemque
1233 3713 1268 3774 et
1298 3701 1457 3777 dolorum

120 3808 291 3876 ⁴omnium
316 3806 474 3880 dissolve
494 3817 683 3895 tormenta,
711 3808 953 3899 viscerumque
980 3826 1022 3874 ac
1048 3804 1201 3876 cordium
1227 3807 1526 3878 incensans-1

140 3898 228 3995 dica,
248 3908 472 3981 medullarum
493 3931 630 4004 quoque
650 3917 684 3978 et
702 3908 969 3999 cogitationzum
994 3927 1075 3978 sana
1094 3906 1286 3979 discrimina
1303 3907 1460 3978 ulcerum

139 4011 394 4154 vanitatumque
410 4012 609 4113 putredines
629 4031 774 4149 evacua,
792 4010 1144 4102 conscientiarumque
1162 4019 1270 4102 atque
1276 4009 1460 4102 plagarum·

202 4214 346 4270 1Τ.ιιιοι
362 4215 419 4270 liat.
432 4216 532 4284 Rem,
535 4213 609 4283 ,item
628 4220 711 4285 super'
727 4229 820 4268 manus
835 4219 862 4268 et
873 4211 896 4267 si
907 4203 1054 4280 Presbyter
1066 4209 1173 4268 estnon
1173 4211 1269 4278 inira,
1282 4208 1327 4264 sin
1335 4208 1414 4265 aliter
1425 4218 1457 4307 ιι

205 4381 353 4437 aspect.
367 4380 424 4437 aas.
439 4381 534 4451 ilem,
537 4381 610 4450 ‚item
623 4391 705 4452 super
717 4380 803 4452 pedes
815 4386 843 4435 et
854 4370 902 4436 sub
915 4380 1014 4452 plantis
1026 4387 1123 4436 cruces
1136 4373 1240 4437 ιιιιιιιιι

175 4468 249 4538 s)
244 4465 297 4526 El
304 4483 375 4536 „aa
388 4467 416 4524 in
431 4466 500 4522 loco
498 4423 555 4523 nbi
567 4465 648 4522 dolor
660 4465 719 4537 plus
730 4465 851 4523 imminet
865 4465 980 4537 amplius
992 4461 1189 4537 perungaturf‘

203 4545 243 4623 ι)
241 4548 372 4606 (decurii
383 4550 525 4609 litationi
537 4550 651 4622 reliquis
661 4542 819 4642 (lodicibus,
830 4557 860 4608 ιι
871 4549 1027 4633 arabonam
1038 4546 1096 4618 „ad
1104 4560 1201 4609 omnes
1212 4559 1454 4621 commutatum·

140 4633 272 4690 brorum“
286 4631 315 4688 in
329 4633 433 4729 'liliano
449 4641 551 4693 tanturn
565 4633 761 4704 investigati.

1182 4714 1249 4778 ιρι·
