3202 5176
789 268 844 329 32

33 439 42 481 ²
152 461 231 523 usse
246 459 292 520 su
306 455 511 533 curuata,
527 452 673 517 maeno
688 450 1141 515 mammaemammal
1155 441 1387 533 dnnfotpenuen
1400 453 1477 517 rer.

151 581 207 623 cen
219 560 398 640 fortstupen,
414 560 481 620 drei
489 556 653 618 besortdere
668 555 778 617 Geheie
796 554 979 631 aerrichten,
994 554 1122 632 worunf
1134 574 1169 616 er
1193 557 1275 618 (Ιοοο
1293 558 1352 618 deu
1367 557 1479 620 canan

152 664 288 743 aufdnpi.
327 662 399 723 Man
412 661 465 722 hat
477 660 556 721 cuch
569 660 682 721 undae
696 657 930 735 Rituulhricher,
953 658 1001 717 die
1022 658 1158 719 dlunliehe
1177 659 1288 721 Geheie
1300 660 1475 722 eorcchrei

152 767 218 828 bert.
249 766 372 827 Praeter
383 765 435 826 lill.
453 782 478 823 e.
495 782 525 840 g.
548 763 661 825 Thecd.
677 764 697 826 l.
733 764 859 843 Saepius
875 762 989 823 occurit
1011 765 1107 822 oratio
1128 762 1254 838 lllyrici:
1277 763 1474 825 Facturus

152 870 366 929 memoriam
388 867 577 926 salutaris
601 866 760 926 hostiae
779 874 838 926 etc.

253 969 372 1049 Excipit
386 968 602 1028 Praelaticinem
619 967 720 1029 Canon
733 967 895 1043 Missae,
918 983 1010 1046 saepe
1034 967 1063 1025 in
1086 965 1229 1042 singulari
1250 965 1355 1028 libello
1373 970 1469 1031 nitido
1487 999 1495 1016 ·

149 1073 299 1133 literarum
309 1081 411 1132 ornatu
429 1069 606 1149 descriptus,
622 1071 739 1150 plurimi
753 1071 870 1131 habitus
884 1087 901 1129 a
920 1066 1071 1130 catholica
1087 1068 1249 1146 ecclesia,
1241 1087 1270 1128 m
1287 1074 1472 1150 quopraeci·

148 1193 208 1253 pue
218 1173 400 1234 tremendum
415 1174 907 1262 sacrificiimystcriumperagatur,
921 1171 1041 1231 multum
1054 1170 1209 1231 lacessitus
1223 1171 1260 1230 ab
1276 1170 1469 1234 adversariis.

150 1275 211 1335 Sed
226 1276 299 1337 haec
312 1274 391 1336 bella
404 1284 492 1354 atque
505 1276 714 1336 altercationes
730 1276 766 1336 ad
781 1292 911 1336 nosnon
924 1275 1083 1353 pertinent.
1108 1272 1186 1333 Ante
1206 1274 1301 1333 omnia
1315 1275 1469 1354 inquiren·

151 1376 216 1437 dum
227 1387 282 1454 est,
300 1396 336 1437 an
345 1371 418 1437 vera'
429 1380 487 1437 sint
502 1378 550 1436 vel
559 1378 735 1457 probabilia,
744 1397 820 1457 quae
833 1376 936 1439 scribit
949 1374 993 1435 Vi
1004 1378 1043 1453 gi
1055 1375 1082 1436 li
1091 1395 1130 1436 us
1144 1376 1281 1456 pontiicx
1293 1377 1322 1436 in
1338 1378 1469 1456 epistola

151 1497 228 1540 anno
237 1478 422 1540 DXXXVlll.
433 1488 551 1539 exarata
563 1503 569 1540 :
585 1479 726 1541 Ordinem
734 1498 851 1558 quoque
855 1477 1199 1557 premtmiacelebritate
1206 1478 1371 1539 missarum
1383 1480 1467 1541 nntto

149 1587 356 1659 naciempcre,
371 1581 455 1644 hulla
462 1579 626 1659 ferdoitate
640 1583 846 1661 significamus
858 1580 972 1641 habere
990 1580 1118 1640 dicisum
1127 1603 1143 1649 ,·
1161 1580 1217 1640 ced
1228 1597 1347 1657 semper
1359 1582 1467 1642 οοόοιιι

60 1664 64 1672 ’
149 1686 252 1744 tauma
266 1682 440 1745 oblataDeo
453 1702 578 1745 munera
591 1702 782 1745 consecrare.
805 1682 930 1757 Quoties
944 1699 1016 1742 aera
1029 1681 1187 1742 Paschaiis
1199 1688 1255 1743 aut
1267 1681 1467 1744 Moencimsis

146 1780 268 1844 Domini
279 1783 328 1845 ael
338 1783 528 1846 Pentecosten
540 1786 589 1847 ael
607 1785 793 1865 Epiphaniae
807 1785 1047 1863 sanctorumque
1061 1784 1121 1846 Dei
1132 1783 1228 1862 fuerit
1243 1785 1362 1862 apmsda
1377 1785 1464 1863 fecli-

147 1886 244 1962 eitas,
269 1886 547 1967 cirupulaeapitula
563 1889 668 1950 diebus
689 1897 762 1967 apta
780 1888 1003 1967 anhunpimus,
1026 1888 1135 1966 quihus
1156 1890 1467 1950 commemorationem

26 2028 33 2039 .
89 1986 95 1997 “
148 1985 493 2049 sanctaeaollemniia'iic
515 1998 570 2051 aui
589 2010 700 2051 eorum·
711 1989 853 2078 facimus,
875 2008 1002 2069 quorum
1022 1990 1163 2050 natahtia
1183 1989 1388 2069 celebramus,
1416 2011 1465 2053 ce-

149 2097 218 2149 tera
237 2105 310 2151 cero
337 2092 442 2151 ordine
465 2089 607 2169 consueta
631 2094 853 2172 prosequimur.
892 2092 962 2167 Qua
981 2099 1108 2171 propter
1126 2099 1157 2152 et
1183 2093 1280 2169 ipciuc
1297 2088 1467 2156 cenomani

144 2193 248 2269 precis
274 2199 388 2253 tentum
414 2193 570 2272 diripimus
595 2196 853 2274 superadmolum,
877 2195 1049 2275 pomaeo
1072 2196 1204 2274 propina
1231 2213 1272 2255 aa
1294 2195 1466 2273 apostolica

147 2295 309 2356 traditione
331 2274 513 2374 accepiunch
551 2298 593 2379 At
615 2316 689 2363 vcro
711 2301 736 2359 si
759 2304 859 2360 canon
887 2318 926 2359 ex
951 2298 1340 2378 apostolorum-traditione
1365 2299 1465 2385 iquit,

148 2400 251 2458 mirum
274 2408 330 2477 est,
352 2399 428 2473 alios
446 2402 503 2461 iam
518 2400 555 2461 ab·
570 2403 688 2481 antiqua
705 2401 833 2473 ecclesia
848 2386 1008 2481 nuncupari
1032 2402 1153 2461 canonis
1168 2411 1317 2467 auctores.
1338 2402 1465 2475 Quidam

146 2499 241 2560 inisse
262 2511 366 2580 putant
381 2501 544 2580 Gelasium,
569 2503 618 2563 alii
639 2492 1273 2580 Musaeum-Pleshqterum·lllassiliensem,
1294 2502 1465 2565 aliiVocc·
1483 2486 1507 2535 ’¹

145 2604 224 2662 nium
251 2605 423 2683 episcopum
458 2603 705 2673 castellarensem
734 2608 766 2668 in
792 2605 980 2677 Mauritania;
1010 2609 1132 2686 ins'uper
1162 2605 1466 2685 Liberl’cntilicalis,

146 2706 254 2765 vetusti
271 2704 308 2764 de
323 2705 413 2766 rebus
430 2706 582 2785 liturgicis
596 2711 759 2789 scriptores
774 2719 862 2789 atque
874 2711 1049 2788 perantiqua
1063 2708 1203 2788 quaedam
1219 2707 1345 2773 hlissalia
1361 2709 1464 2769 cuius·

146 2809 352 2884 cunquevocis
369 2801 1013 2893 (uthacvnapdolnutar)noruntauctorem
1030 2809 1375 2873 eleemosinam.
1390 2809 1463 2891 lp.
1492 2846 1496 2852 ‹

145 2902 217 2968 336.
235 2926 300 2987 sqq.
321 2907 412 2969 lmmo
422 2910 584 2988 Gregorius
596 2910 1161 3005 GanonemaquodamScholastice
1176 2914 1464 2994 compositumasse·

145 3011 213 3072 ruit.
236 2998 724 3094 Quodnomcnquidampropriuln
743 3025 967 3097 esseputarunt,
984 3015 1461 3095 aliiverorectiusappallatirum,
1497 3024 1500 3031 '

144 3130 201 3190 quo
217 3113 460 3190 significabantur
474 3117 529 3177 viri
545 3117 677 3177 eruditi
668 3121 809 3198 imprimis
819 3137 869 3198 qur
862 3118 1125 3180 adolescentibus
1141 3121 1219 3178 omni
1240 3118 1391 3178 literarum
1404 3137 1462 3196 ge·

143 3232 216 3274 uere
249 3216 417 3277 erudiendis
445 3235 566 3297 operam
593 3222 747 3281 navabant.
796 3221 835 3282 Ut
862 3223 963 3305 paucis
992 3221 1143 3298 dicam,
1135 3241 1164 3282 ru
1196 3221 1251 3280 hec
1284 3218 1461 3282 dillicillima

143 3319 321 3395 quaestione
337 3337 371 3378 ea
385 3323 532 3382 sententia
545 3304 641 3383 minus
655 3325 686 3384 in
700 3324 831 3384 salebras
839 3324 953 3401 rucrdrt
969 3342 1008 3384 ex
1021 3343 1078 3402 qua
1092 3324 1203 3402 duplex
1211 3325 1347 3385 statuitur
1361 3321 1459 3385 Gano-

142 3437 188 3479 ms
196 3429 408 3497 argumentum
426 3423 527 3489 Altera
536 3426 717 3505 pars,‘nerha
726 3428 961 3488 consecrationis
972 3426 1040 3499 Qui
1057 3427 1189 3505 pridie
1207 3437 1481 3505 etquaesequun1

143 3525 995 3608 turunacumOrationedominicaapostolicaeaetatisestz
1007 3519 1478 3627 ipsetestatqrilregoriusllpp‘

58 3636 61 3641 ·
92 3621 279 3703 ..v11..‚‚64
288 3615 1458 3729 moremapostolorumiuisse‚utadipsamsolummodocrationemdomiriicam
1490 3627 1497 3639 ’

142 3726 300 3788 oblationis
315 3729 439 3790 hostiam
454 3744 672 3797 consecrarent.
707 3734 852 3814 Reliquae
867 3737 1019 3797 orationes
1037 3743 1125 3813 atque
1147 3735 1354 3794 invocationes
1369 3733 1456 3812 paul·
1485 3779 1494 3792 .

139 3829 220 3890 latim
235 3826 380 3899 additae
363 3843 431 3894 sunt
454 3853 470 3895 a
490 3836 634 3914 diversis,
657 3839 697 3896 ita
716 3847 814 3898 tamen
837 3846 868 3897 ut
888 3837 1008 3897 saeculo
1019 3846 1133 3916 quarto
1154 3837 1204 3896 vel
1226 3837 1327 3916 quinto
1351 3833 1457 3913 Canon

139 3931 248 3992 Missae
262 3934 351 3995 luerit
373 3937 524 3998 absolutus
538 3958 574 4024 ac
592 3938 737 4001 hodierno
761 3939 802 4015 (si
820 3958 869 3999 res
890 3940 1063 4000 minutiores
1085 3933 1359 4019 praetermittimus)
1383 3956 1457 3998 con·

139 4053 216 4097 c.ors
247 4035 318 4096 Nam
332 4058 407 4117 quae
421 4043 544 4101 mutavit
558 4041 760 4119 Gregorius,'
752 4060 781 4100 m
799 4038 953 4103 canons
985 4060 1055 4103 sane
1072 4044 1193 4103 mineris
1214 4041 1353 4102 momenti
1373 4050 1456 4102 sunt.

67 4213 72 4221 ι
136 4139 248 4200 Passim
281 4143 416 4220 paucula
431 4145 524 4204 verba
556 4143 683 4220 addidit,
719 4146 882 4204 orationem
917 4143 1110 4221 dominicam,
1147 4163 1221 4222 quae
1260 4154 1345 4205 antea
1384 4154 1455 4205 ante

140 4241 402 4305 Consecrationem
417 4246 474 4306 dici
488 4244 623 4334 solebat,
642 4246 710 4305 loco
726 4265 803 4306 nunc
817 4257 961 4323 consueto
983 4249 1092 4327 posuit.
1132 4247 1235 4327 ltaque
1260 4267 1275 4307 e
1298 4247 1455 4323 doctrinae

137 4345 328 4422 theologicae
344 4366 433 4409 scena
448 4366 571 4427 prorsus
586 4348 774 4427 explodenda
796 4360 841 4410 est
862 4350 972 4430 fabula,
996 4350 1172 4428 Gregorium
1193 4359 1286 4412 totum
1308 4362 1455 4425 canonem

137 4449 359 4528 composuisse,
393 4467 565 4531 quamquam
592 4451 746 4532 permultis
769 4451 921 4514 admodum
943 4453 1058 4534 placet,
1079 4453 1170 4533 Atqui
1192 4454 1250 4514 hoc
1272 4453 1454 4530 Gregorium

112 4550 255 4633 'iecisse,
272 4572 288 4614 a
304 4551 453 4616 credendo
469 4553 621 4616 deterrent
634 4565 820 4617 monumenta
839 4556 986 4618 ecclesiae
1000 4556 1147 4635 Gregorio
1162 4551 1345 4618 vetustiora.
1365 4556 1453 4618 attu-
