3202 5176
762 320 832 393 192

217 485 222 495 ’
242 494 339 599 Ergo
365 501 550 595 maledicte
567 501 716 575 Diabole
742 523 798 574 ιιι.
815 508 1126 594 aepiscopatu
1144 486 1283 579 uocare
1296 505 1458 598 dign'atus

142 620 209 694 est:
236 619 290 679 llic
304 617 414 698 pollice
432 618 461 676 in
476 616 576 676 fronte
590 616 690 692 signat.
701 616 844 678 infantem
862 615 981 678 dicens:
1011 605 1056 678 Et
1075 605 1142 678 hoc
1159 611 1295 701 signum
1316 622 1457 682 sunctae

142 713 255 784 crucis
277 712 533 799 atc.urp.184.·
709 710 717 724 ‘
1166 707 1170 714 '

158 838 165 851 ·
243 820 313 881 lliox
327 817 579 900 imponit'manum
601 811 693 897 'super
706 828 794 898 caput
807 820 927 883 infantis
942 827 973 881 et
987 819 1070 880 dicit:
1095 808 1241 885 Oramus
1264 813 1456 885 Aeternum

140 935 183 984 ac
208 914 426 988 iustissimam
452 912 509 984 ιιι.
523 929 555 982 ιι
569 938 599 1001 p.
618 915 689 980 184.

243 1043 352 1104 Postea
373 1043 520 1104 Sacerdos
540 1042 666 1122 imponit
689 1050 850 1102 extremam
873 1050 986 1122 partem
1012 1041 1109 1102 stolae
1136 1059 1227 1122 super
1253 1030 1398 1106 infantem
1428 1058 1457 1109 ct

119 1143 302 1223 ⁸introducit
315 1162 381 1205 ιιιιι
394 1145 424 1205 in
440 1144 596 1206 ecclesiam
610 1141 727 1204 dicens:
748 1133 939 1226 Ingredere
953 1137 988 1204 in
1005 1135 1169 1230 templum
1182 1134 1261 1226 Dei,
1274 1147 1312 1208 ut
1327 1137 1456 1213 babeas

139 1247 273 1332 partem
294 1260 371 1309 curn
399 1234 534 1311 Christo
562 1237 722 1307 invitam
748 1246 932 1307 aeternam.
985 1241 1038 1328 Bp.-
1053 1233 1216 1334 Amen¹).

247 1366 318 1429 Cum
342 1368 454 1428 fuerint
474 1350 802 1455 ecclesiamlingressi]
824 1367 971 1427 Sacerdos
999 1367 1167 1446 procedens
1192 1368 1228 1428 ad
1255 1368 1369 1430 iontem
1392 1390 1455 1431 curn

140 1469 373 1550 susceptoribus
389 1470 566 1532 coniunctim
587 1460 666 1531 clara
687 1487 764 1530 voce
782 1468 868 1530 dicite
891 1456 1005 1531 Credo
1028 1460 1064 1530 iil
1089 1458 1201 1532 Deum
1222 1478 1280 1532 etc.
1303 1482 1334 1532 ιι
1353 1462 1456 1535 Pater

141 1559 270 1638 Noster
290 1553 407 1656 qui'es
430 1580 487 1632 etc.

196 1732 203 1747 .
243 1691 289 1752 dc
302 1689 420 1768 deiude,
435 1701 597 1773 antequam·
607 1692 728 1754 accedat
741 1691 776 1753 ad
789 1693 985 1772 Bapisteriuna
1001 1692 1092 1753 dicat:
1107 1682 1111 1688 ⁶

122 1777 151 1847 .'
243 1783 419 1855 Exercizc
454 1793 488 1855 te
520 1788 640 1869 omnis,
663 1788 801 1880 spiritus
832 1780 1004 1856 inimunde
1030 1787 1065 1856 in
1091 1785 1228 1857 nomine
1251 1782 1318 1855 Dei
1345 1784 1454 1858 Patris
1481 1838 1486 1849 .

142 1887 383 1980 omnipotentis
398 1882 478 1980 ιιι
491 1889 526 1958 in
544 1890 681 1959 nomine
696 1887 781 1962 lesu
790 1884 915 1959 Christi
928 1887 1006 1959 Filii
1027 1890 1100 1960 eius
1121 1882 1258 1957 Domibi
1279 1896 1314 1958 et
1334 1886 1455 1957 iudi'cis

119 2027 124 2036 ·
141 1998 248 2062 nostri
262 1987 294 2081 ι
308 1996 342 2058 ιι
364 1991 399 2058 in
417 1991 545 2061 virtute
563 1987 709 2084 Spiritus
719 1986 841 2062 'Sancti
855 1989 887 2084 ι
900 2000 937 2062 ut
952 1989 1110 2064 discedas
1128 1988 1170 2060 ab
1190 1988 1257 2060 hoc
1274 1989 1453 2084 plasmate,

143 2221 320 2287 cumiamulo
334 2222 452 2291 Deiiam
473 2206 606 2283 coelestia
626 2225 777 2298 cogitante,
795 2226 987 2287 renunciatum
1004 2226 1054 2285 tibi
1068 2209 1228 2285 ac⁰saeculo
1237 2227 1292 2282 tuo'
1309 2233 1337 2281 et
1353 2226 1455 2282 beatae

142 2304 340 2361 immortalitati
355 2307 471 2383 victuro.
501 2312 541 2367 iia
561 2310 646 2382 igitur
661 2312 793 2369 bonorem
809 2311 965 2370 advenienti
980 2312 1091 2385 Spiritui
1103 2313 1221 2384 Sancto,
1237 2311 1282 2384 qui
1300 2326 1336 2367 ex
1352 2321 1454 2366 summa

142 2388 290 2471 coeliarce
305 2386 486 2464 descendens,
501 2395 666 2468 perturbatis
682 2395 820 2453 iraudibus
832 2397 886 2454 tuis
897 2391 991 2453 divido
1004 2398 1081 2454 iente
1096 2402 1240 2470 purgatum
1250 2401 1357 2468 pectus‚·
1373 2394 1455 2452 idest

143 2470 201 2553 (liic
210 2490 295 2530 manu
310 2476 445 2549 producat
455 2478 560 2549 signum
577 2481 666 2538 crucis
685 2498 767 2554 super
782 2489 878 2553 pectus
892 2480 1018 2559 iniantis)
1031 2480 1203 2539 benedictum
1214 2479 1238 2560 †
1251 2496 1287 2536 ac
1301 2478 1453 2536 sarebbon-

141 2565 197 2614 tum
209 2566 237 2645 ιι
251 2570 440 2619 consecratum
459 2564 509 2620 Dei
525 2566 652 2638 ternplum
669 2573 749 2639 atque
768 2567 1100 2638 babitaculumperbciat‚
1120 2575 1148 2623 ut
1159 2569 1193 2623 ab
1208 2566 1337 2625 omnibus
1347 2564 1453 2639 penitus·

142 2645 223 2702 noxis
234 2647 446 2716 praeteritorum
458 2649 597 2706 criminum
614 2651 746 2708 liberatus
760 2653 872 2709 lamulus
884 2652 932 2708 Dei
944 2652 1052 2722 gratias
1066 2651 1180 2724 pereuni
1194 2652 1254 2707 lieo
1267 2651 1373 2709 reierat
1385 2643 1467 2705 sem'

141 2736 237 2801 peret
257 2730 402 2789 benedicat
424 2749 521 2790 nornen
544 2736 602 2793 eius
619 2744 740 2813 sanctum
761 2737 788 2792 iu
810 2736 919 2794 saecula
939 2737 1119 2799 saeculorum.
1146 2737 1245 2793 Amen.
1257 2735 1455 2805 —Utramque

142 2811 301 2883 formulam,
317 2812 370 2871 iam
389 2816 416 2872 in
433 2815 513 2875 libris
528 2818 628 2897 Gelasii
648 2836 680 2874 ac
701 2819 830 2891 Gregorii
844 2821 988 2893 insertam,
1008 2821 1120 2885 adhibet
1138 2820 1243 2879 ilituale
1263 2820 1411 2875 Romanum
1427 2817 1454 2873 in

142 2891 281 3034 Baptislmo
292 2896 453 2956 Adultorum
466 2908 577 2974 tantum
588 2903 633 2976 qui
645 2903 673 2959 in
684 2904 822 2963 nonnullis
833 2905 956 2963 formulis
968 2913 995 2962 ct
1007 2905 1180 2963 caerimoniis
1191 2903 1284 2962 diiiert
1295 2919 1310 2959 a
1321 2902 1454 2977 baptismo

143 2996 230 3053 parvu
242 2996 328 3036 orum.

229 3061 259 3142 l)
274 3067 304 3124 T.
325 3066 393 3122 Post
413 3068 588 3126 Orationem:
610 3071 759 3139 Aeternam
774 3081 826 3131 etc.
842 3074 924 3131 dicit:
946 3075 1024 3132 lesus
1043 3073 1109 3132 litsa
1124 3090 1212 3145 gerne
1227 3073 1273 3130 die
1291 3071 1408 3129 lileiaau
1424 3087 1455 3126 au

142 3150 202 3206 'sich
219 3151 347 3206 kordmen
366 3153 421 3209 und
441 3154 518 3224 legte
532 3155 613 3221 dinen
630 3156 781 3214 diallttnde
797 3152 1042 3239 auiuudsegneto
1056 3158 1105 3218 sie.
1138 3159 1202 3215 Wir
1223 3159 1300 3229 lesen
1322 3157 1388 3214 ietat
1409 3151 1489 3212 du:

142 3233 339 3315 Evangelium2
355 3238 444 3294 worin
461 3238 521 3297 dies
540 3242 714 3314 vorlaommt,
731 3244 785 3301 und
800 3244 864 3301 tbuu
876 3244 924 3300 das
934 3244 1083 3324 duplicius,
1100 3243 1190 3300 iridem
1201 3242 1390 3313 wirzugleiclr
1402 3240 1460 3296 den

118 3322 125 3337 ·
143 3318 235 3388 Segen
248 3334 302 3374 von
314 3319 378 3376 Gott
390 3323 432 3379 idr
444 3322 536 3381 dieses
545 3325 617 3405 iliud
628 3328 756 3389 erbitten.
789 3329 817 3391 S,
840 3328 969 3387 Dominus
987 3329 1136 3386 vobiscum.
1173 3323 1217 3406 lb.
1239 3328 1345 3385 Etcum
1358 3325 1462 3398 spiritu

142 3407 201 3475 tuo.
236 3404 383 3475 Sequentia
404 3407 496 3463 Sancti
518 3409 660 3481 Evangelii
681 3408 738 3488 (bic
750 3413 848 3470 dextro
864 3413 966 3486 pollice
979 3414 1061 3471 iaciat
1078 3413 1185 3484 signum
1196 3412 1286 3469 crucis
1297 3411 1332 3468 ἰιι
1345 3410 1457 3466 infantis

144 3486 245 3558 irontc,
261 3496 353 3568 creet
364 3489 493 3570 pectore)
505 3495 651 3552 secundum
665 3495 835 3558 llattbaeum
852 3492 901 3574 ιιι.
913 3497 1006 3555 Gloria
1018 3497 1066 3554 tibi
1080 3497 1204 3556 cauno.
1225 3498 1257 3553 lu
1268 3497 1318 3573 illo
1331 3503 1457 3568 tempore

96 3585 100 3594 ·
143 3571 229 3655 oblati
254 3581 316 3629 sunt
334 3575 396 3631 lesu
415 3577 520 3649 parvuli
540 3587 592 3636 etc.
616 3597 704 3653 usque
725 3581 780 3638 ad:
805 3582 839 3639 lit
859 3598 917 3639 mm
934 3581 1109 3655 imposuisset
1126 3583 1168 3639 eis
1187 3598 1280 3639 maurus
1298 3581 1367 3638 abiit
1383 3580 1450 3637 inda

143 3650 186 3728 u.
201 3657 332 3731 aimoini
343 3659 459 3723 Cbriste·
469 3664 631 3722 ·l’roiereus
642 3667 744 3722 verba:
767 3667 802 3725 Et
816 3685 876 3725 oum
887 3668 1063 3738 imposuisset
1071 3674 1179 3739 ‚pono
1192 3665 1334 3725 Sacerdos
1352 3680 1450 3721 mnu·
1470 3716 1477 3731 ,

144 3738 268 3796 dextram
283 3759 364 3814 super
384 3754 465 3818 caput
475 3747 594 3805 infantis
624 3749 691 3806 Dein
703 3760 782 3809 orat:
801 3753 874 3810 Deus
890 3751 1027 3829 Abrabam
1042 3759 1096 3808 etc.
1107 3757 1138 3808 at
1150 3769 1178 3824 p.
1192 3751 1257 3808 184:
1280 3745 1326 3827 (ln
1338 3750 1392 3811 Rit.
1402 3750 1449 3807 ilc

142 3825 223 3881 mino
236 3825 267 3880 ln
285 3827 422 3900 baptismo
440 3831 591 3890 adultorum
610 3834 736 3910 tantum).
767 3837 882 3893 Postea:
902 3837 960 3894 Noc
973 3845 1001 3893 tc
1022 3837 1108 3893 lateat
1124 3837 1223 3894 Saturam
1242 3843 1297 3892 eto.
1316 3842 1347 3892 ιιι
1365 3851 1393 3907 p.
1408 3831 1447 3889 185

141 3906 196 3984 (ut.
208 3910 286 3972 Rom.
297 3911 394 3969 iterum
406 3916 488 3974 babet
498 3918 526 3973 in
537 3919 693 3995 adultorum
703 3918 865 3997 baptismo).
873 3922 1073 3994 -Anteouam
1088 3921 1162 3979 dicat
1170 3919 1290 3992 Epirota:
1312 3919 1352 3977 lis
1364 3917 1447 3976 narde

142 3993 241 4054 einmal
262 3996 308 4052 eiu
325 3999 527 4058 Taobstummer
544 4003 606 4060 dena
621 4004 927 4076 lleiiaudeaugeidbrt‚
945 4007 1007 4064 dass
1026 4023 1058 4063 or
1076 4007 1130 4063 ilum
1144 4005 1190 4063 die
1207 4005 1305 4062 Hande
1323 4005 1445 4074 anilem

107 4121 111 4129 .
140 4077 216 4135 lesus
234 4081 310 4152 legte
329 4082 390 4139 dem
404 4085 542 4143 Stommen
560 4087 613 4144 den
629 4090 730 4160 Finger
744 4092 772 4147 in
783 4090 829 4147 die
841 4092 935 4151 Ohrcu
949 4090 1005 4149 und
1027 4093 1153 4148 benetato
1174 4091 1273 4148 dassen
1292 4091 1389 4160 zuoge
1409 4086 1447 4143 ιιι

135 4163 267 4234 Speichel
287 4167 341 4223 uod
357 4172 463 4228 machte
477 4172 523 4228 ilrn
536 4174 671 4239 sobdren
682 4177 737 4233 und
747 4176 842 4234 reden.
866 4176 930 4233 Wir
943 4177 1039 4233 abmen
1053 4176 1146 4233 dieses
1156 4192 1191 4232 aa
1202 4176 1264 4231 dem
1275 4174 1367 4231 iliade
1378 4172 1447 4239 mci,

141 4246 188 4302 mit
204 4248 346 4327 dimititte,
364 4253 428 4310 dass
447 4257 523 4313 aeine
538 4257 630 4314 Obren
641 4277 689 4315 aur
702 4261 855 4332 Aubdruug
866 4261 917 4318 der
931 4261 1017 4319 lehre
1030 4260 1129 4317 Christi
1149 4261 1204 4317 und
1222 4259 1283 4316 seia
1300 4257 1383 4316 bland
1397 4272 1447 4314 aun

139 4330 213 4387 Lobe
233 4333 328 4393 Gottes
349 4338 475 4409 gadiluet
486 4341 592 4403 werde.
626 4344 698 4401 Tunc
712 4346 853 4416 peragitur
871 4346 955 4417 ritus,
969 4353 999 4402 ut
1014 4362 1097 4418 supra
1115 4345 1245 4418 scriptum
1265 4351 1320 4401 ιιι.
1356 4342 1404 4401 tra
1419 4339 1448 4397 ti

139 4413 221 4504 limen
238 4422 375 4479 ecclesiae
394 4425 437 4480 vel
455 4425 489 4481 ad
503 4427 644 4485 introitum
666 4429 820 4501 baptisterii
836 4431 873 4488 ita
890 4431 1026 4503 peractis,
1044 4415 1182 4488 Sacerdos
1200 4428 1312 4486 inducat
1326 4427 1447 4499 infantem

138 4498 166 4577 in
181 4503 328 4562 ecclesiam
340 4508 385 4564 vel
398 4508 425 4564 ιιι
441 4510 629 4584 baptisterium
641 4512 749 4571 dicens:
771 4515 922 4600 ingredere
938 4524 993 4577 etc.
1006 4522 1138 4588 utsupra.
1161 4514 1230 4571 Dein
1244 4514 1356 4570 ιιιιιιιι
1370 4510 1447 4569 tarn-

140 4599 201 4643 num
219 4595 248 4645 et
267 4589 424 4666 ιιιιιιιιιιιιι,
438 4601 468 4650 ut
490 4603 597 4655 stactes
614 4613 684 4655 voca
703 4598 872 4671 intelligibili
888 4598 1288 4672 scoumrecitautproiuisnta
1299 4597 1449 4670 Symbola·
