3202 5176
697 282 828 364 ,ιιι

150 469 426 586 Supplices
446 485 481 546 te
514 484 682 568 rogamus
702 434 920 571 omnipotens
940 474 1066 566 Deus,
1087 478 1167 573 iube
1197 480 1283 573 haec
1312 482 1465 579 perferri·

121 569 205 674 per
225 581 345 650 manns
368 577 499 681 Angeli
523 581 571 651 tui
598 582 631 648 in
655 575 803 649 sublime
827 577 936 648 altare
958 581 1082 650 tuum
1071 602 1106 650 m
1120 565 1315 704 conspectu
1325 585 1466 656 divinae

140 679 348 753 Maiestatis
346 691 447 772 tuae„
464 676 504 751 ιιι
529 689 696 777 quotquot
726 696 773 750 ex
808 679 873 750 hae
904 680 1022 754 altaris
1048 686 1312 794 participatione
1344 701 1462 760 sacre-

140 793 295 855 sanctum
319 783 397 875 Fun
417 788 467 856 tui
497 782 631 879 Corpus
664 791 697 851 et
727 780 938 874 Sanguinem
968 783 1238 877 sumserimus
1243 793 1335 859 omni
1355 787 1461 859 hene·
1464 802 1474 849 '-

103 880 291 955 'dictione
327 870 472 959 coelesti
492 897 525 958 ιι
561 889 672 989 gratia,
714 886 915 980 repleamur
969 886 1036 958 Pel·
1072 883 1184 963 Christ
1171 891 1249 961 tum
1279 890 1461 961 Dominum

143 996 307 1060 nostrum
364 1029 373 1042 ·

253 1187 427 1284 Memento
452 1194 552 1262 etiam
581 1191 728 1265 Domine
753 1206 788 1267 et
810 1217 932 1266 eorum
953 1196 1108 1283 nomina,
1137 1195 1195 1290 qui
1215 1217 1279 1268 nos
1299 1217 1458 1291 praeces

140 1301 261 1405 serunt
282 1316 358 1363 cum
376 1297 477 1386 signo
501 1293 637 1366 fideiei
658 1298 860 1369 dormiunt
817 1308 886 1369 ιιιι
909 1319 1030 1370 somno
1052 1300 1158 1392 pacis
1213 1296 1319 1392 Ipsis,
1343 1298 1460 1368 Domi-

139 1388 200 1491 ιιι,
206 1378 261 1467 ιι
279 1392 468 1470 omnibus
459 1419 512 1469 m
523 1386 658 1471 Christo
677 1398 860 1495 quiescent
848 1399 938 1473 tibus
962 1399 1078 1470 locum
1106 1396 1280 1491 refrigerii
1308 1398 1396 1481 lucis
1426 1408 1462 1469 et

126 1499 235 1605 'pacis
266 1507 303 1569 ut
331 1498 530 1590 indulgeas,
569 1502 803 1596 deprecamur.
862 1503 929 1572 Per
964 1498 1135 1573 Christum
1173 1501 1356 1572 Dominum
1397 1521 1458 1571 ιιι-

140 1608 257 1671 strum.

252 1799 360 1875 Nobis
386 1824 523 1896 quoque
537 1790 791 1896 peccatoribus
811 1802 949 1875 famulis
971 1806 1051 1892 tuis,
1066 1802 1118 1872 'de
1130 1802 1343 1872 multitudine
1358 1803 1458 1873 mise-

138 1907 310 1974 rationum
339 1913 474 1975 tuarum
501 1903 737 2024 sperantibusq
779 1915 913 2001 partem
942 1906 1099 1997 aliquam
1136 1914 1170 1974 et
1205 1907 1414 1976 societatem
1429 1899 1458 1987 1)

141 2005 271 2077 donare
295 2006 471 2097 digneris
471 2026 547 2075 cum
569 2010 636 2077 utis
569 2006 779 2078 tsanctis
801 2006 982 2102 Apostolis
1006 2016 1040 2075 et
1026 2005 1150 2077 ttMar
1137 2005 1283 2100 tyrihus,
1307 2028 1383 2075 cum
1403 2004 1459 2075 lo
1470 2058 1476 2070 .

139 2107 264 2196 banne,
282 2106 320 2180 St
307 2108 470 2202 tephano,
492 2107 646 2198 Μιιιιιῑι,
663 2108 833 2198 Bernaba,
848 2109 995 2201 Ignatim
1009 2108 1227 2193 Alexandro„
1241 2106 1458 2195 Marcelline,

139 2209 262 2299 Petri),
294 2210 491 2300 Felicitate,
536 2211 724 2305 Perpetua,
753 2212 848 2303 Aga
849 2212 911 2303 ιιι,
941 2210 1066 2313 Lucia„
1090 2206 1263 2311 Αιιιι1),
1294 2208 1458 2295 Caecilia,
1557 2221 1563 2278 ἶ

138 2310 322 2385 Anastasia
344 2323 481 2383 etcum
507 2313 662 2384 omnibus
685 2310 820 2386 Sanctis
842 2317 927 2406 tuis:
952 2317 1038 2383 intra
1061 2334 1206 2407 quorum
1228 2334 1292 2384 nos
1316 2333 1458 2381 consor·
1508 2391 1510 2395 ¹
1546 2334 1554 2345 “

137 2417 222 2484 tium
242 2411 273 2499 3)
309 2436 380 2484 non
424 2411 622 2505 aestimator
660 2419 771 2485 meriti
746 2415 869 2487 tsed
898 2418 1023 2485 veniae
1066 2437 1272 2508 quaesumus
1314 2414 1416 2559 largit
1419 2434 1459 2482 or

137 2515 289 2586 admitte.
344 2515 413 2589 Per
431 2491 620 2588 Christum·
629 2515 815 2586 Dominum
836 2526 1001 2588 nostrum
1048 2542 1055 2554 ·
1108 2544 1114 2554 ·

218 2721 310 2791 Ριι
324 2741 426 2814 quem
444 2719 531 2806 haec
554 2722 666 2801 omnia
687 2719 834 2806 Domine
853 2741 989 2814 semper
1012 2718 1103 2788 b'ona
1118 2738 1230 2804 creasa
1251 2688 1456 2802 sanctificas,

140 2813 312 2911 vivificas,
335 2821 572 2894 benedicist
537 2831 572 2891 et
599 2832 755 2916 praestas
779 2821 888 2892 nohis
943 2821 1042 2890 Per
1034 2842 1146 2914 ipsum
1165 2830 1294 2888 etcum
1322 2821 1414 2912 ipso
1423 2824 1458 2884 et
1476 2849 1479 2855 ·

138 2928 172 2996 in
199 2927 288 3044 ipso,
311 2925 445 2998 esttibi
462 2924 548 3000 Deo
574 2924 667 2995 Patri
696 2925 918 3018 omnipotenti
948 2925 983 2992 in
1005 2925 1135 2992 unitate
1163 2920 1309 3016 Spiritus
1339 2920 1457 2991 Sancti

139 3030 262 3101 omnis·
271 3029 382 3100 honor
408 3037 442 3098 et
466 3027 587 3119 gloria
1319 3056 1323 3063 ·
1447 3060 1449 3069 s

249 3233 317 3303 Per
346 3235 457 3303 omnia
482 3231 621 3305 saecula
638 3231 867 3344 saeculorum
923 3229 1045 3307 Amen.
1080 3271 1085 3279 ·

179 3435 407 3507 olemus
462 3412 661 3531 Praeceptis
683 3427 889 3508 salutaribus
910 3436 1030 3506 moniti
1051 3443 1087 3504 et
1108 3434 1221 3504 divina
1244 3430 1455 3500 institutione

138 3538 276 3610 formati
298 3537 462 3608 audemus
485 3538 611 3607 dicere.
666 3537 769 3609 Pater
791 3548 929 3643 poster,
954 3540 1011 3630 qui
1026 3543 1071 3607 'es
1098 3539 1133 3603 in
1156 3533 1284 3620 coelis7
1309 3530 1455 3603 sanctifi·
1489 3621 1492 3625 Ι

97 3634 236 3712 'cetur
259 3629 385 3750 nomen
400 3636 505 3708 tuum
535 3649 599 3751 etc:
616 3636 660 3723 1).

134 3860 141 3873 ’
251 3836 375 3916 [ibera
396 3862 460 3915 nos
484 3863 691 3937 quaesumus
692 3803 866 3911 Domine
893 3779 934 3909 ab
950 3823 1105 3910 omnihus
1128 3784 1226 3907 malis
1248 3837 1457 3932 praeteritis·
1497 3922 1508 3945 ι

119 3947 377 4044 praesentibus
401 3955 435 4016 et
461 3945 646 4016 futurist
613 3956 646 4015 et
670 3944 905 4014 intercedente
920 3938 951 4029 5)
979 3939 1146 4011 heatta
1113 3950 1146 4009 et
1176 3939 1331 4030 gloriosa
1364 3959 1453 4010 sem

138 4073 269 4147 perque
292 4052 428 4141 virgine
453 4048 519 4119 Dei
541 4052 708 4141 genitrice
732 4045 839 4117 Maria
854 4055 887 4114 et
909 4047 1035 4117 sanctis
1054 4041 1234 4137 Apostolis
1256 4044 1322 4111 tuis
1351 4039 1454 4109 Petro

127 4163 174 4223 ‘et
185 4152 309 4223 Paulo
340 4164 489 4273 atque
473 4151 680 4221 Andreat
646 4161 680 4220 et
706 4150 816 4256 beatis
850 4145 1117 4222 Confessonhus
1134 4142 1164 4230 1)
1192 4142 1238 4213 ill
1294 4142 1346 4210 Da
1374 4160 1453 4235 pro-

136 4258 240 4351 pitius
264 4277 400 4376 pacem
408 4258 442 4324 in
455 4242 586 4325 diebus
606 4241 762 4340 nostris
783 4261 818 4321 ιιι
837 4273 920 4348 ope
949 4248 1206 4321 misericordiae
1236 4255 1314 4314 tuac
1351 4242 1506 4312 adiuti·

138 4500 165 4555 in
178 4499 272 4554 coelis.
298 4499 353 4555 Sed
368 4499 517 4562 liberamus
533 4495 639 4551 amalo.
726 4499 758 4564 ι)
773 4494 960 4551 intercedente
975 4506 1026 4564 pro
1041 4488 1127 4545 nobis.
1205 4481 1233 4559 6)
1247 4485 1452 4541 desuntverha:

139 4582 168 4640 et
185 4599 244 4638 cam
259 4585 348 4640 beatis
364 4584 444 4640 Coni-
460 4583 511 4638 tuis
529 4582 567 4635 ill.
587 4579 595 4607 ³

1201 4625 1315 4719 2*'
