3202 5176
743 300 969 423 nra

196 560 276 615 men
296 541 430 629 wollet,
450 546 558 610 wenn
577 540 628 610 sie
650 552 688 611 es
710 561 781 610 von
802 536 900 608 Eucb
921 536 1099 628 begehren
1119 535 1188 606 und
1210 536 1283 609 sich
1304 533 1386 606 bein
1404 535 1518 608 recht-

197 648 365 737 mltssiges
392 632 594 712 Hinderniss
620 639 800 712 vorlinden
826 638 943 712 wird?
988 663 992 672 ·

298 753 342 838 lp.
370 745 419 832 la,
441 743 536 814 Euer
555 742 791 842 'Ehrwiirdem
819 741 874 813 ich
900 740 1112 836 versprecbe
1139 762 1186 814 es.

260 855 262 859 ⁴
300 857 416 918 Deinde
431 856 508 917 dicet
523 856 654 917 mulieri:

300 948 378 1021 Und
404 948 479 1035 lbr,
502 938 575 1019 NN.
598 945 824 1043 verspreebet
849 945 907 1016 lhr
929 941 1010 1017 Gott
1031 945 1108 1016 dem
1133 943 1246 1016 Herm
1268 945 1338 1016 und
1360 966 1428 1016 vor
1451 948 1517 1020 sei-

196 1077 260 1126 ner
282 1052 433 1143 heiligen
458 1050 597 1141 Kircbe,
622 1050 700 1122 dass
728 1048 785 1118 lhr
812 1051 1098 1140 gegenwitrtigen
1120 1046 1192 1117 NN.
1216 1072 1258 1118 zu
1284 1048 1414 1120 Eurem
1436 1049 1516 1119 ehe-

132 1184 136 1189 ·
195 1157 311 1229 lichen
331 1153 436 1224 Maon
455 1153 602 1224 nebmen
622 1152 755 1240 wollet,
776 1173 881 1221 wenn
905 1174 943 1221 er
966 1172 1004 1223 es
1024 1173 1096 1221 von
1116 1151 1214 1221 Euob
1233 1150 1425 1245 begebreu,
1447 1152 1516 1223 und

197 1259 270 1334 sich
296 1256 377 1327 kein
402 1256 669 1347 rechtmttssiges
696 1253 896 1325 Hinderniss
922 1251 1103 1324 vorlinden
1128 1252 1246 1325 wind?

296 1364 339 1450 Pp.
367 1357 417 1443 la,
443 1356 538 1429 Euer
559 1355 790 1444 Ehrwiirden,
815 1354 870 1425 ich
896 1354 1109 1450 versprecbe
1130 1378 1178 1430 es

140 1538 143 1542 ,
299 1471 457 1550 Postquam
471 1471 662 1549 sponsionem
677 1468 813 1528 dederint
826 1476 925 1528 mutuo
941 1476 971 1527 et
985 1470 1166 1547 acceperint,
1181 1465 1294 1527 iubebit
1305 1465 1514 1529 eosl’arocbus

88 1579 90 1582 ⁴
156 1627 165 1641 ,
197 1560 335 1635 dexteras
349 1575 491 1649 iungere,
510 1591 639 1651 moxque
655 1571 886 1647 dicet,signum
903 1569 1086 1646 Crucis,ubi
1102 1579 1237 1646 notatur,
1256 1568 1443 1649 producens:
1472 1560 1514 1634 Et

197 1689 274 1758 ego¹
287 1667 373 1736 haec
401 1664 587 1759 sponsalia,
610 1674 644 1734 et
664 1663 752 1733 hanc
773 1672 925 1733 vestram
945 1673 1095 1734 mutuam
1113 1661 1378 1759 promissionem
1399 1673 1513 1733 aucto-

194 1771 307 1856 ritate,
331 1789 396 1861 qua
418 1766 558 1858 fungor,
582 1764 755 1837 confirmo.
800 1764 840 1836 ln
859 1763 1004 1837 Nomine
1026 1765 1150 1855 Putris,
1179 1774 1213 1836 et
1234 1764 1364 1860 Finit
1384 1774 1419 1835 et
1439 1763 1513 1860 Spi-

195 1872 280 1942 ritus
302 1867 427 1941 Sancti.
469 1873 512 1959 lb.
539 1868 663 1940 Amen.

301 1981 373 2040 Tum
388 1998 441 2040 eos
455 1989 591 2056 moneat,
612 1990 644 2041 ut
658 1997 712 2059 pro
728 1977 810 2039 felici
824 1979 913 2039 futuri
928 1976 1106 2038 Matrimonii
1122 1997 1263 2054 successu
1277 1977 1334 2040 oei
1348 1979 1512 2038 misericor·

197 2084 272 2144 diam
293 2082 452 2159 diligenter
466 2082 640 2162 implorent,
664 2091 695 2141 ut
709 2081 853 2160 aliquibus
870 2073 1057 2141 diebus'ante
1071 2085 1205 2167 nuptias,
1226 2081 1275 2141 rel
1290 2079 1391 2141 saltem
1405 2079 1511 2160 pridie,

196 2194 319 2265 peccata
332 2201 384 2243 sua
399 2183 595 2244 confiteantur
608 2183 871 2261 sacramentaliter,
891 2191 921 2243 et
935 2188 1164 2246 sacro-sanctam
1177 2183 1386 2262 Eucharistiam
1402 2183 1514 2243 devote

185 2287 371 2375 percipiant.
403 2284 479 2364 Ipsis
501 2294 656 2366 praeterea
681 2287 834 2363 iniungat,
855 2295 887 2346 ut
908 2294 971 2346 toto
992 2287 1211 2362 sponsaliorum
1234 2297 1368 2367 ternpore
1389 2294 1471 2376 caste
1484 2293 1514 2343 et

197 2390 247 2471 pie
261 2389 380 2465 vivant,
395 2388 482 2449 sicuti
496 2389 582 2449 decet
596 2389 672 2448 filios
687 2388 879 2449 Sanctorum:
900 2407 998 2468 neque
1011 2390 1143 2469 interea,
1160 2391 1257 2453 donec
1271 2387 1459 2452 Matrimonio
1474 2387 1514 2446 le·

196 2491 300 2570 gitime
316 2490 464 2551 coniuncti
477 2493 547 2570 sint,
560 2491 590 2551 in
606 2491 708 2553 eadem
724 2491 810 2552 domo
827 2489 998 2552 cohabitent
1006 2477 1047 2566 1).

328 2650 442 2724 Ordo
476 2651 1075 2752 celebrandi-sacramentum
1109 2650 1386 2748 Matrimonii.

298 2795 448 2856 Parocbus
457 2790 671 2857 Matrimonium
687 2797 899 2877 celebraturus,
916 2801 1026 2861 certior
1041 2798 1163 2859 effectus
1178 2797 1215 2857 de
1225 2797 1399 2875 Religione,
1408 2803 1513 2872 aetate,

197 2906 274 2958 statu
290 2905 320 2956 et
334 2896 504 2958 conditione
520 2898 764 2977 contrabentium,
780 2910 809 2960 et
824 2901 861 2961 de
873 2891 1142 2963 denuntiationibus
1153 2900 1286 2980 legitime
1299 2885 1440 2986 iactis,²)
1451 2899 1513 2958 sive

199 3000 409 3080 perseipsum,
424 3001 488 3059 sive
504 3018 558 3079 per
573 3000 697 3061 Litteras
712 3001 952 3074 Testimouiales;
967 3006 1039 3078 visis
1055 3022 1174 3084 quoque
1189 3001 1475 3083 dispensationibus,
1489 3000 1513 3060 si

197 3098 273 3181 guae
287 3101 397 3161 luerint
412 3099 562 3178 obtentae,
578 3102 659 3162 nullo
674 3105 797 3184 insuper
810 3116 971 3186 apparente
984 3107 1206 3187 impedimento,
1222 3123 1312 3186 super
1322 3121 1379 3184 quo
1391 3104 1512 3180 diligen·

198 3213 245 3284 ter
265 3204 406 3282 inquirat,
427 3205 685 3299 convenienteque
706 3215 735 3267 et
750 3225 808 3267 non
822 3208 981 3270 interdicto
996 3218 1148 3289 tempore,
1169 3210 1225 3270 nisi
1240 3206 1356 3269 aliunde
1369 3224 1434 3265 eum
1450 3205 1514 3264 des·

199 3303 360 3384 ponsandis
375 3303 572 3385 dispensatum
586 3307 686 3384 luerit,
705 3311 749 3368 sic
762 3320 910 3387 se‘geret.
936 3318 938 3324 ’

300 3405 380 3467 Hora
400 3406 466 3469 data
484 3407 615 3486 (scilicet
630 3428 714 3470 mane
728 3421 757 3472 et
768 3412 832 3472 'non
847 3423 916 3492 post
930 3402 1099 3490 meridiem,
1122 3431 1178 3472 nec
1191 3429 1317 3492 uuqrram
1330 3417 1397 3471 ante
1411 3407 1513 3469 boram

202 3551 411 3560 u——n-——n

203 3646 206 3651 ·
263 3621 295 3694 1)
308 3619 360 3690 ag.
377 3621 448 3677 blou.
465 3619 529 3676 Cum
545 3622 682 3694 sponsalia
698 3623 862 3678 celebraturi
877 3639 970 3678 coram
985 3624 1158 3694 Parentibus,
1171 3619 1403 3692 Consurguineis,
1422 3626 1451 3675 et
1465 3621 1514 3675 l‘s-

179 3770 182 3775 ,
198 3704 286 3762 rocbo
298 3704 476 3762 couveneriut
493 3705 538 3760 hic
553 3707 677 3775 subiecto
689 3707 772 3764 modo
786 3709 921 3780 Sponsum
936 3725 968 3764 ao
980 3707 1079 3764 deinde
1093 3710 1227 3781 Sponsam
1236 3709 1408 3775 interroget:
1424 3704 1456 3759 N.
1470 3705 1513 3759 lbr

200 3790 352 3860 verbeisset
368 3806 438 3860 ganz
455 3790 596 3862 ireiwillig
612 3792 666 3848 und
680 3794 810 3862 treulich,
831 3795 1042 3863 gegenwtirtige
1056 3794 1157 3849 Persou
1168 3808 1201 3847 m
1215 3793 1312 3847 ntobst
1322 3788 1514 3860 gebtihreuder

201 3875 260 3933 Zeit
271 3876 314 3930 latr
327 3873 399 3930 Euer
414 3875 553 3932 ebeliches
568 3875 678 3932 Gemabl
693 3879 886 3938 aucunebmcu.
919 3878 980 3934 Und
991 3877 1088 3934 tatem
1099 3876 1163 3933 keio
1175 3876 1332 3933 erheblicbe
1345 3873 1515 3930 Verbioder-

200 3959 256 4016 rtiss
268 3959 339 4015 wird
349 3959 487 4029 gerunden
501 3959 629 4031 werden,
650 3964 719 4018 nach
731 3963 872 4019 Gebrauch
883 3962 932 4018 der
948 3962 1138 4020 Catholischen
1149 3961 1268 4019 llirobeo
1282 3959 1359 4015 Euch
1369 3958 1417 4015 mit
1426 3959 1472 4013 lbr
1483 3974 1516 4012 ru

199 4043 385 4100 rerehlioben.
407 4043 482 4100 Idem
496 4045 650 4115 interroget
661 4047 775 4102 alterurn
790 4050 965 4119 comportem.
992 4046 1021 4103 Si
1037 4055 1151 4120 uterque
1167 4052 1283 4116 annuat,
1297 4044 1437 4100 l’arocbus
1452 4042 1515 4098 illo·

200 4142 258 4183 mm
269 4127 479 4200 promissionem
491 4129 532 4185 sic
543 4129 697 4186 confirmet:
708 4132 742 4187 Et
756 4147 811 4201 ego
824 4132 893 4186 hanc
907 4130 1095 4204 sponsalitium
1110 4131 1321 4203 promissionem
1331 4133 1453 4184 vestram
1468 4143 1515 4182 au-

201 4211 328 4268 ctoritate
349 4229 400 4285 qua
420 4214 540 4284 fungor,
560 4215 693 4271 couflrmo
707 4215 735 4271 iu
749 4204 857 4272 nomine
872 4216 959 4273 Patris
972 4224 999 4272 et
1009 4215 1071 4272 Filii
1085 4211 1109 4292 †
1123 4223 1152 4271 et
1162 4215 1278 4288 Spiritus
1291 4211 1392 4271 Sancti.
1418 4210 1516 4270 Amen.

202 4293 305 4351 l'cterit
318 4304 407 4353 autem
417 4299 556 4355 Paroobus
568 4299 695 4370 suadere,
707 4307 736 4356 ut
749 4300 959 4371 promissionem
970 4300 1103 4373 inscripto
1119 4301 1292 4370 consignent.

262 4375 293 4453 t)
308 4379 432 4437 Formula
443 4382 655 4440 denuntiationis
667 4384 694 4439 iu
705 4384 822 4454 Agenda
833 4386 918 4440 lion:
934 4385 991 4457 „Es
1002 4384 1165 4443 lusson-sich
1175 4403 1236 4443 aum
1246 4384 1368 4454 heiligen
1378 4380 1519 4439 Ehcstand

202 4475 262 4515 aum
282 4465 376 4518 -mal
391 4465 581 4536 verkttudigeu
598 4467 647 4524 der
661 4468 715 4525 NN.
737 4469 792 4524 und
811 4468 855 4524 die
869 4469 923 4524 NN.
960 4471 1093 4527 Welcber'
1103 4487 1157 4526 uun
1171 4478 1257 4528 etwas
1269 4469 1362 4538 weiss,
1378 4467 1427 4522 das
1443 4465 1521 4521 diese

202 4543 377 4600 vorhabende
388 4547 446 4605 Ehe
456 4550 621 4607 verbiodem
632 4553 751 4620 kbnnte,
766 4552 838 4609 solle
849 4553 958 4610 solcbes
973 4552 1170 4626 gebtlbrendeu
1184 4555 1247 4612 urts
1258 4558 1369 4626 gemiss
1381 4552 1431 4609 der
1444 4549 1521 4609 Obli-

188 4625 297 4697 ιειιὶοιι
312 4629 402 4687 seinos
414 4631 569 4692 Gewissens
582 4636 630 4692 mit
640 4634 818 4693 christlicber
832 4636 915 4694 biebe
929 4645 1037 4696 erstem
1051 4626 1188 4710 angebar.
