3202 5176
799 332 879 403 816
1006 317 1023 419 ⁵„

181 526 312 598 laesum
340 519 498 616 (lassam)
524 522 694 590 iacentem
720 517 899 592 salutifere
925 517 1067 588 visitare
1089 515 1257 607 digneris,
1282 524 1320 586 ιιι
1342 518 1434 588 sicut
1455 518 1512 588 ri·

182 630 288 699 sitare
313 623 469 716 dignatus
490 642 529 693 es
551 620 699 691 Domine
722 619 865 692 Tobiam
889 629 922 691 et
940 617 1062 700 Sanam
1081 627 1116 688 et
1134 638 1273 690 socrum
1291 617 1397 707 Petri,
1421 641 1509 714 pue·

182 744 327 822 rumque
357 723 592 795 centurionis:
623 725 669 794 ita
702 732 737 793 et
765 725 832 794 iste
861 719 957 817 (ista)
979 723 1121 816 pristina
1147 723 1292 792 sanitate
1314 723 1450 790 animae
1472 728 1510 792 et

182 829 341 924 eorporis
360 836 513 919 recepta,
537 828 723 916 gratiarum
745 824 835 896 tibi
826 847 861 895 ιιι
880 823 1043 895 Ecclesia
1065 834 1123 894 tua
1143 821 1275 893 referat
1296 823 1479 894 actionem

162 937 168 950 ‘
285 928 441 1023 Respice
463 927 610 1007 Domine
640 929 809 1047 propitius
842 948 947 1020 super
972 926 1062 996 hunc
1086 923 1251 995 famulum
1277 933 1372 995 tuum
1399 922 1508 1045 (hauc

183 1031 344 1103 famulam
366 1028 474 1125 tuam)
498 1041 531 1101 et
552 1051 653 1124 opem
676 1032 709 1099 ei
726 1028 820 1136 ferre
839 1029 981 1120 dignare
1000 1048 1104 1121 super
1123 1026 1250 1098 lectum
1267 1026 1421 1099 laboris
1418 1030 1504 1099 eius

181 1135 279 1217 Pone
299 1133 447 1211 Domine
472 1144 607 1202 manum
634 1142 726 1203 tuam
747 1134 782 1200 in
801 1124 938 1202 manum
958 1144 1070 1199 meam
1090 1137 1125 1199 et
1145 1131 1275 1224 impera
1297 1129 1507 1220 aegritudini

183 1240 257 1308 eius
284 1255 328 1304 ne
353 1237 422 1304 mei
440 1235 634 1329 peccatone
662 1254 797 1304 manum
825 1238 964 1327 spernat
994 1229 1181 1317 infirmitas,
1209 1230 1270 1303 sed
1297 1230 1341 1300 ad
1362 1233 1507 1302 invoca·

95 1332 98 1338 ’
181 1342 310 1412 tionem
336 1339 384 1406 tui
405 1339 551 1408 nominis
573 1344 750 1406 avertatur
780 1343 815 1406 et
840 1334 961 1426 fugiat,
987 1343 1024 1404 ut
1046 1332 1102 1403 hic
1127 1333 1276 1404 famulus
1298 1343 1377 1405 tuus
1402 1331 1508 1427 (haee

182 1440 311 1510 famula
330 1437 404 1532 tua)
428 1441 520 1508 omni
542 1438 712 1529 languore
734 1436 879 1531 depulso
903 1437 946 1507 ad
967 1438 1146 1524 sanitatem
1167 1433 1354 1521 relectus(
1339 1434 1505 1533 (relecta)

142 1576 146 1585 ⁸
185 1551 335 1631 exurgat
360 1549 396 1610 et
419 1548 660 1634 praesentetur
683 1538 854 1610 ecelesiae
873 1548 953 1609 tuac
971 1547 1112 1610 sanctae
1129 1547 1168 1607 ut
1184 1540 1314 1628 gratias
1336 1547 1419 1630 agat
1441 1549 1505 1608 etc.

282 1642 380 1713 Deus
407 1645 465 1746 qui
490 1642 626 1713 beatum
645 1640 797 1712 Petrum
794 1640 1012 1736 Aoostolum
1033 1641 1156 1711 misisti
1181 1638 1224 1708 ad
1246 1639 1433 1711 sonandam
1454 1639 1505 1710 ia-

181 1744 440 1832 mummolam,
467 1753 504 1819 nt
531 1746 605 1821 eius
620 1742 788 1838 precibus
815 1745 1038 1815 suscitaretur
1064 1740 1107 1811 ad
1132 1743 1258 1826 vitam,
1284 1741 1505 1814 exaudinos

86 1849 89 1856 '
183 1867 402 1939 quaesumuss
421 1854 458 1916 nt
481 1845 560 1916 huic
581 1844 710 1915 famulo
731 1855 790 1915 tuo
813 1841 977 1938 (famulae
997 1841 1094 1938 tuae)
1115 1865 1215 1938 quem
1237 1840 1398 1938 (quam)
1388 1865 1425 1914 ιιι
1444 1854 1505 1914 tuo

183 1951 320 2026 nomine
342 1949 458 2027 visitet
480 1952 598 2028 nostra
619 1947 789 2038 fragilitas
812 1958 930 2023 curata
952 1946 1144 2016 medicinae
1164 1955 1245 2016 tuae
1266 1945 1403 2016 medela
1425 1943 1506 2018 sub·

184 2053 310 2119 veniat.

285 2150 380 2222 Deus
412 2153 470 2245 qui
494 2149 623 2219 famulo
649 2157 710 2220 tuo
736 2148 910 2220 Ezechiae
942 2158 996 2219 ter
1028 2151 1152 2242 quinos
1185 2170 1296 2220 annos
1328 2150 1505 2221 advitam

183 2250 329 2339 donasti,
356 2254 401 2329 ita
427 2261 463 2322 et
487 2251 652 2327 famulum
670 2262 764 2323 tuum
787 2248 1092 2346 (famulaminum)
1119 2252 1253 2322 alecto
1276 2252 1503 2343 aegritudinis

184 2362 244 2434 tuta
258 2357 408 2448 poteutla
436 2357 546 2445 erigat
568 2352 611 2421 ad
634 2355 787 2424 salutem.

285 2455 380 2527 Deus
394 2455 456 2528 sub
471 2459 568 2533 cuius
578 2455 714 2533 nutibus
725 2459 817 2526 vitae
824 2464 965 2527 nostrae
971 2464 1143 2525 momenta
1150 2454 1339 2527 decurrunt
1347 2474 1378 2525 ιιι
1385 2482 1420 2544 p.
1427 2461 1502 2525 309.

286 2555 508 2653 Omnipotens
540 2560 748 2653 sempiterne
773 2557 869 2628 Deus
900 2558 957 2650 qui
982 2579 1047 2650 per
1070 2556 1208 2627 beatum
1229 2555 1391 2628 Iacobum
1416 2579 1504 2654 apo·

182 2654 308 2732 stolum
330 2670 424 2731 tuum
450 2661 586 2748 dixisti,
611 2678 644 2730 ιι
662 2689 692 2749 p.
711 2666 785 2730 elo.
832 2659 900 2732 Per
926 2658 1024 2729 Dom.
1078 2664 1121 2749 ιι.
1148 2658 1272 2730 Amen.

282 2771 317 2830 Si
338 2771 431 2848 longo
445 2781 580 2851 ternpore
594 2790 653 2832 non
668 2772 759 2833 fuerit
777 2771 936 2833 confessus
948 2770 1095 2846 iuhemus,
1118 2779 1274 2846 moueatur
1286 2788 1302 2830 a
1316 2770 1454 2835 Parocbo
1471 2782 1504 2833 ιιι

182 2881 303 2950 peccata
316 2890 368 2937 sua
383 2866 568 2933 conhteatnr.
595 2874 627 2937 Si
640 2892 714 2934 vero
730 2873 759 2939 id
772 2873 874 2939 lecara
890 2890 950 2937 oon
966 2881 1068 2951 potest
1081 2872 1131 2932 rel
1145 2873 1247 2951 paullo
1261 2876 1330 2932 ante
1344 2874 1505 2934 corrasor

182 2972 255 3050 luit,
275 2991 331 3051 per
350 2990 385 3033 re
406 2983 456 3034 aut
475 2973 587 3034 allum
577 2991 666 3033 ιιιιιιιο
681 2992 736 3053 per
750 2976 845 3053 ipsam
860 2976 948 3034 etiam
963 2974 1156 3035 Sacerdotem
1169 2974 1340 3049 generatam
1362 2975 1413 3041 det
1431 2992 1503 3037 con*

182 3075 368 3141 laesionem
359 3093 388 3134 m
403 3075 480 3135 huno
494 3074 628 3134 modum:
636 3061 667 3161 ¹)

146 3207 149 3210 <
283 3166 344 3238 leh
370 3178 484 3238 armet
510 3167 675 3260 siindiger
693 3148 837 3240 blenseh
861 3167 1035 3260 widersag
1062 3167 1140 3238 dem
1164 3167 1275 3240 bosen
1301 3167 1424 3257 Feiud
1451 3170 1504 3240 al-

181 3270 249 3340 lem
271 3272 402 3341 seincm
424 3269 616 3360 Eingeben
637 3269 726 3351 Rath
744 3269 813 3340 und
836 3269 932 3344 That.
975 3269 1034 3340 lch
1057 3269 1193 3361 glaub
1183 3287 1219 3340 m
1239 3267 1321 3341 ooo
1339 3270 1406 3341 den
1429 3270 1500 3341 Va-

180 3380 254 3456 ιοι,
285 3368 366 3441 (ιοιι
396 3371 463 3441 den
489 3371 586 3448 Sohn
608 3373 709 3443 und
699 3394 735 3448 m
757 3371 837 3443 Gott
863 3373 930 3442 den
935 3372 1104 3471 heiligen
1125 3369 1231 3447 Geist.
1283 3371 1345 3443 Ich
1369 3372 1500 3464 glaube

181 3471 339 3562 gilnrlich
366 3493 441 3547 was
475 3473 530 3544 dic
563 3478 701 3565 gemein
730 3474 926 3546 christliche
949 3473 1076 3548 Kirche
1103 3472 1244 3544 beliehlt
1270 3486 1315 3544 ι”ιι
1337 3474 1500 3565 glauben

179 3570 241 3647 llil
263 3572 393 3646 diesem
414 3574 567 3666 heiligen
584 3576 826 3650 catholischen
840 3574 995 3661 Glauben
1014 3575 1151 3646 beichte
1170 3575 1226 3646 ioh
1248 3575 1318 3646 ond
1337 3574 1501 3647 bekenne

57 3714 65 3735 ι
182 3672 262 3748 Gott
284 3674 361 3752 dem
386 3674 656 3768 Allmitchtigem
675 3676 784 3748 Marie
810 3680 925 3748 seiner
945 3663 1219 3769 hochwiirdigen
1236 3664 1376 3765 Mutet,
1405 3678 1501 3748 allen

179 3774 341 3868 Heihgan
361 3778 430 3848 und
451 3776 564 3867 Euch
583 3779 736 3858 Priester
754 3790 800 3849 an
818 3777 938 3852 Gottes
961 3789 1052 3868 stata
1075 3778 1144 3851 und
1163 3779 1256 3872 gehe
1272 3778 1363 3850 mich
1381 3779 1500 3852 schul-

179 3930 385 3954 y-—endfi-i—-n

201 4048 203 4055 ·
238 4009 269 4092 1)
284 4006 401 4087 Agenda
418 4008 538 4086 hogen.
560 4009 640 4073 ism.
676 4011 727 4073 iiic
745 4019 769 4074 ai
790 4019 932 4075 contemne
950 4016 1032 4078 luerit
1046 4014 1216 4074 ln'lirmur'ih
1239 4017 1333 4087 brevi,
1355 4016 1502 4086 generetis

180 4099 324 4157 Confessio
349 4099 552 4172 praemittatur,
572 4101 596 4164 si
618 4110 707 4158 antem
718 4103 745 4158 in
761 4102 847 4173 longo
863 4119 917 4170 non
933 4103 1014 4159 luerit
1029 4103 1172 4158 confessus
1187 4102 1317 4175 inprime
1333 4102 1501 4158 confiteatur

136 4220 142 4226 -
178 4183 300 4240 lolirmus
316 4176 366 4257 per
378 4202 426 4252 se,
442 4183 465 4239 si
479 4191 581 4256 potest,
596 4186 694 4243 deinde
706 4188 853 4258 Presbyter
869 4187 951 4243 faciat
966 4188 1123 4257 generalem
1137 4186 1336 4242 absolutionem
1353 4202 1437 4256 super
1450 4186 1499 4264 ln-

178 4267 281 4323 ιιιιιιιιιι
292 4275 321 4324 ιιι
334 4275 422 4340 capax
431 4269 480 4324 ter
494 4269 600 4338 gratiae
611 4270 789 4331 snermenti.
807 4272 862 4342 Ag·
871 4272 945 4341 idos.
958 4271 1036 4326 1582.
1052 4271 1259 4327 confessionem
1270 4269 1349 4340 aegri
1359 4269 1498 4325 seceden-

177 4350 249 4406 tibus
261 4353 324 4407 eliis
339 4354 441 4422 audiat,
450 4352 578 4409 ritatem
592 4355 671 4424 nolit,
685 4356 730 4411 vel
745 4356 806 4427 qula
817 4356 845 4412 in
857 4356 934 4412 brevi
946 4363 988 4414 ast
998 4355 1151 4426 contester,
1162 4356 1207 4411 tel
1218 4355 1280 4426 quie
1292 4360 1408 4425 propter
1419 4371 1500 4410 nor-

177 4433 239 4490 ιιιιιι
251 4437 378 4492 confiteri
394 4437 496 4508 nequit,
513 4440 781 4507 lancheimensi
796 4441 859 4511 quid
873 4441 1067 4497 conscientian
1082 4447 1190 4510 gravet,
1205 4440 1300 4495 saltem
1313 4438 1421 4509 signam
1440 4438 1497 4495 do-

175 4518 244 4576 lo'rir
262 4521 316 4575 det.
346 4521 446 4576 Postea
462 4521 592 4577 recitetur
608 4532 701 4578 coram
714 4523 764 4578 illo
778 4524 925 4580 confessio
939 4525 1078 4594 generalis
1091 4540 1220 4580 rer-nom
1233 4523 1383 4580 ιιιιιιιιιιιο
1397 4530 1426 4580 et
1441 4523 1497 4579 de·
1517 4557 1522 4570 ·

176 4608 219 4657 ιιι·
236 4602 261 4659 ei
276 4603 416 4674 generalis
430 4604 586 4662 Absolutio.
616 4606 685 4662 Dein
698 4606 777 4664 flexis
791 4607 908 4678 genibus
925 4625 985 4664 com
999 4608 1148 4667 astantibus
1163 4609 1263 4664 recitet
1276 4607 1404 4666 renutu.
