3202 5176
739 303 742 311 ¹
840 351 922 420 ,aso

283 585 289 596 .
330 540 367 601 Ut
388 549 451 601 toto
473 538 564 600 corde
585 538 689 616 diligat
703 549 733 601 et
747 543 872 602 maxime
886 530 1013 619 diligere
1027 543 1125 621 cupiat
1137 542 1295 604 Dominum
1307 545 1405 606 Deum
1421 564 1457 607 ea
1473 548 1540 609 dile·

227 646 337 720 ctione,
354 661 409 721 qua
425 642 504 701 illum
519 641 646 718 diligunt
661 643 742 704 beati
757 645 916 723 Sanctique
931 662 1044 706 omues.

328 744 366 804 Ut
378 745 417 806 ob
430 761 559 805 amorem
573 743 629 804 Dei
645 744 744 806 doleat
758 763 796 805 ex
811 745 901 806 corde
915 745 953 807 de
968 749 1045 807 omni
1061 746 1189 823 ollensa,
1204 747 1461 830 qualitercumque
1476 771 1540 813 con·

225 860 269 910 tra
284 847 438 908 Dominum
452 846 546 905 Deum
565 856 594 906 et
608 849 773 925 proximum
788 849 953 908 commissa.
1348 915 1356 934 ἱ

326 949 365 1009 Ut
381 968 419 1008 ex
435 948 525 1010 corde
539 948 577 1008 ob
596 967 725 1009 amorem
741 948 798 1009 Dei
812 959 914 1030 parcat
928 947 1083 1026 omnibus,
1106 950 1154 1028 qui
1168 949 1224 1010 sibi
1240 969 1360 1031 quoque
1374 954 1467 1014 modo
1481 957 1540 1016 iue-

226 1055 283 1114 rlnt
297 1051 414 1113 molesti
429 1059 478 1111 aut
493 1052 612 1112 inimici.

327 1152 366 1214 Ut
380 1152 466 1214 abiis
485 1152 599 1213 veniam
613 1151 756 1231 postulet,
772 1169 846 1230 quos
862 1150 1017 1231 aliquando
1034 1151 1119 1212 dietis
1133 1162 1183 1212 aut
1195 1153 1280 1214 iactis
1295 1153 1432 1217 offendit.
1493 1169 1498 1177 '

327 1256 366 1315 Ut
386 1273 473 1336 quem
492 1256 600 1332 patitur
613 1253 746 1315 dolorem
762 1261 792 1313 et
805 1253 900 1314 morbi
912 1252 1076 1314 molestiam
1091 1264 1215 1333 propter
1228 1255 1323 1316 Deum
1342 1257 1371 1318 in
1387 1261 1539 1339 poeniten·

225 1361 292 1418 tiam
307 1366 495 1437 peecatorum
510 1375 630 1417 suorum
644 1357 793 1436 patienter
811 1355 930 1418 toleret.

326 1459 364 1519 Ut
388 1461 412 1520 si
427 1458 570 1519 Dominus
592 1459 648 1518 sibi
668 1457 791 1543 salutem
808 1458 946 1537 corporis,
959 1466 1111 1536 proestare
1126 1452 1314 1534 dignabitur,
1335 1473 1490 1542 proponat
1506 1465 1538 1526 de

225 1571 326 1622 cetero
342 1580 396 1641 pro
410 1561 522 1620 viribus
538 1563 598 1621 suis
612 1579 628 1621 a
643 1560 774 1640 peccatis
789 1577 896 1620 cavere
909 1567 938 1619 et
957 1561 1020 1620 eius
1036 1558 1168 1621 mandata
1182 1577 1313 1621 servare.

317 1660 467 1724 ‘llortetur
489 1673 645 1742 praeterea
666 1671 695 1722 ut
716 1680 752 1722 eo
768 1660 855 1723 modo
871 1680 929 1741 quo
944 1670 1044 1742 potest
1058 1662 1161 1722 saltem
1177 1680 1214 1722 ex
1230 1663 1320 1724 cordo
1336 1664 1377 1725 ita
1388 1670 1535 1745 perinter·

224 1767 301 1826 valla
319 1751 515 1852 precetur:²)
926 1826 930 1834 ,

325 1857 494 1931 Miserere
515 1859 582 1927 mei
604 1856 700 1927 Deus
724 1855 911 1927 secundum
932 1878 1089 1948 magnam
1112 1856 1389 1931 misericordiam
1408 1871 1508 1933 tuam.

327 1959 367 2029 ln
386 1969 421 2029 te
441 1957 588 2029 Domine
610 1960 768 2052 speravi,
796 1979 866 2028 uon
889 1958 1079 2035 confundar
1106 1962 1140 2029 in
1167 1968 1353 2030 aeternum.

327 2059 366 2130 ln
392 2081 510 2133 manus
533 2070 626 2146 tuas,
648 2051 807 2146 Domine,
835 2060 1037 2131 commendo
1063 2062 1216 2156 spiritum
1237 2084 1369 2134 meum:
1394 2066 1536 2138 redemi-

225 2168 267 2237 sti
294 2186 348 2233 me
375 2162 519 2232 Domine
546 2162 641 2252 Deus
661 2163 824 2233 veritatis.
837 2157 868 2257 1)

327 2265 423 2335 Deus
449 2267 484 2333 in
511 2262 714 2332 adiutorium
741 2284 854 2332 meum
871 2262 1032 2352 intende,
1066 2262 1213 2334 Domine
1240 2259 1535 2341 ad‘adiuvanuuu

224 2390 278 2438 me
300 2367 431 2439 festina.
474 2434 478 2442 ,
1275 2406 1278 2411 -
1394 2368 1398 2373 ’

326 2467 411 2541 Esto
438 2465 518 2536 mihi
543 2464 691 2535 Domine
716 2468 752 2536 in
771 2466 882 2536 Deum
908 2474 1149 2559 protectorem.

325 2570 420 2642 Deus
442 2570 609 2663 propitius
633 2567 809 2652 estofmihi
836 2569 1020 2661 peccatori.

229 2730 233 2734 ,
325 2671 532 2769 Dulcissimo
558 2669 706 2740 Domine
732 2669 811 2741 lesu
839 2667 992 2754 Christe,
1020 2671 1273 2762 pervirtutem
1301 2677 1536 2748 sanctissimae

223 2776 398 2848 Passionis
422 2782 502 2842 tuae
525 2773 642 2864 recipe
670 2793 724 2841 me
750 2774 985 2841 innumerum
1009 2769 1198 2839 electorum
1213 2770 1370 2845 ‘tuorum

325 2874 472 2945 Domine
494 2871 573 2943 lesu
596 2871 747 2960 Christe,
771 2875 908 2966 suscipe
928 2873 1081 2966 spiritum
1101 2892 1223 2941 meum.

325 2973 434 3045 illaria
461 2977 569 3042 mater
596 2975 745 3063 gratiae,
768 2985 876 3043 mater
903 2971 1179 3062 misericordiae,
1204 2973 1255 3044 Tu
1278 2997 1342 3048 nos
1366 2978 1410 3049 ab
1440 2981 1537 3054 hoste

223 3089 369 3174 protege
392 3074 436 3145 Et
462 3073 547 3144 hora
573 3077 691 3146 incutis
706 3078 864 3169 suscipe.

324 3179 452 3252 Sancte
472 3175 611 3265 Augele
630 3174 715 3263 Dei,
743 3177 824 3246 mihi
847 3184 962 3249 custos
986 3179 1118 3249 assiste.

230 3291 233 3300 '
326 3279 452 3351 Omnes
475 3280 583 3350 sancti
608 3278 734 3370 Angeli
761 3287 795 3349 et
822 3299 940 3351 omues
963 3275 1079 3351 Sancti
1105 3279 1306 3351 intercedite
1327 3303 1390 3376 pro
1416 3305 1474 3352 me
1502 3296 1537 3355 et

222 3381 302 3453 mihi
321 3381 521 3457 succurrite.
1327 3401 1330 3408 ’
1407 3380 1414 3393 “

506 3546 622 3618 Ordo
647 3549 1033 3621 commendationis
1055 3548 1244 3620 Animae.

321 3694 471 3756 Pauocbus
486 3693 522 3754 ad
536 3692 708 3753 decedentis
721 3696 833 3755 animae
849 3693 1131 3754 commendationem
1144 3694 1299 3772 accedens,
1318 3694 1468 3758 clericum
1481 3698 1535 3759 sal·

220 3808 279 3857 tem
294 3815 398 3872 unum,
412 3797 438 3855 si
449 3803 549 3875 potest
566 3813 666 3855 seeum
680 3795 801 3874 habeat,
818 3797 866 3876 qui
886 3795 999 3856 delerat
1013 3794 1162 3855 vasculum
1179 3814 1272 3876 aquae
1287 3798 1474 3877 benedictae,
1489 3819 1535 3860 su·

220 3897 432 3980 perpelliceum
448 3905 478 3956 et
492 3895 596 3956 stolam
610 3895 789 3974 violaceam,
806 3897 911 3978 quibus
926 3899 982 3977 ipsi
998 3897 1144 3959 Sacerdos
1159 3908 1227 3959 aute
1241 3896 1351 3963 lnbrmi
1369 3901 1536 3965 cubiculum

217 4001 354 4077 indutus,
375 3999 472 4060 locum
486 3996 658 4079 ingrediens
675 3999 764 4061 dicat:
788 3990 863 4062 Pax
885 3989 964 4061 huic
986 3989 1101 4061 domui
1121 3999 1155 4061 et
1178 3990 1332 4064 omnibus
1355 3991 1536 4088 habitanti-

216 4093 280 4166 bus
298 4097 332 4162 in
350 4115 401 4163 ea.
432 4099 549 4160 Deinde
561 4109 700 4179 aspergat
712 4111 858 4179 agrotum,
872 4101 980 4163 lectum
995 4111 1025 4162 et
1039 4104 1261 4164 circumstantes
1274 4120 1351 4182 aqua
1365 4103 1536 4182 benedicta,

217 4204 333 4265 dicens:
359 4193 540 4286 Asperges
559 4213 614 4262 me
635 4202 700 4263 etc.
796 4281 799 4290 Ι
824 4240 830 4251 ·

220 4359 421 4370 -..-.-.—-

227 4472 230 4478 ·
283 4441 310 4519 l)
325 4443 441 4513 Agenda
455 4446 600 4502 Douader.
616 4445 686 4502 1713
699 4444 866 4516 prolixiores
882 4446 1022 4503 orationes
1037 4448 1159 4505 eontinet
1174 4448 1209 4504 ad
1224 4449 1310 4505 lesum
1327 4448 1484 4518 Christum,
1503 4450 1538 4506 ad

215 4527 241 4581 S.
251 4527 432 4597 blicbaelem,
449 4529 484 4586 ad
498 4530 619 4602 reliquos
630 4530 772 4598 Angelos,
788 4529 822 4584 ad
837 4529 885 4587 SS.
901 4531 1044 4590 Patronus.

177 4688 179 4693 Ι
273 4608 305 4686 2)
320 4613 462 4670 bulborum
474 4613 661 4685 moribundum
675 4613 743 4671 baec
754 4613 838 4671 verba
852 4612 897 4687 pio
911 4621 992 4688 atque
1004 4615 1103 4673 devote
1114 4616 1249 4675 recitasse
1260 4616 1396 4675 nemiuem
1407 4618 1493 4691 iugit.
