<?xml version="1.0" encoding="UTF-8"?>
<!DOCTYPE html PUBLIC "-//W3C//DTD XHTML 1.0 Transitional//EN"
    "http://www.w3.org/TR/xhtml1/DTD/xhtml1-transitional.dtd">
<html xmlns="http://www.w3.org/1999/xhtml" xml:lang="en" lang="en">
 <head>
  <title>
</title>
<meta http-equiv="Content-Type" content="text/html;charset=utf-8" />
  <meta name='ocr-system' content='tesseract 3.04.00' />
  <meta name='ocr-capabilities' content='ocr_page ocr_carea ocr_par ocr_line ocrx_word'/>
</head>
<body>
  <div class='ocr_page' id='page_1' title='image "./codexliturgicus02danigoog_0386.png"; bbox 0 0 3202 5176; ppageno 0'>
   <div class='ocr_carea' id='block_1_1' title="bbox 693 371 858 442">
    <p class='ocr_par' dir='ltr' id='par_1_1' title="bbox 693 371 858 442">
     <span class='ocr_line' id='line_1_1' title="bbox 693 371 858 442; baseline 0 0"><span class='ocrx_word' id='word_1_1' title='bbox 693 371 767 442; x_wconf 83' lang='lat'><strong>343</strong></span> <span class='ocrx_word' id='word_1_2' title='bbox 856 438 858 442; x_wconf 85' lang='lat'>.</span> 
     </span>
    </p>
   </div>
   <div class='ocr_carea' id='block_1_2' title="bbox 63 553 1383 959">
    <p class='ocr_par' dir='ltr' id='par_1_2' title="bbox 63 553 1383 959">
     <span class='ocr_line' id='line_1_2' title="bbox 168 553 1381 652; baseline 0.004 -26"><span class='ocrx_word' id='word_1_3' title='bbox 168 553 247 627; x_wconf 90' lang='lat' dir='ltr'><strong>Non</strong></span> <span class='ocrx_word' id='word_1_4' title='bbox 270 559 376 630; x_wconf 78' lang='lat' dir='ltr'><strong>intres</strong></span> <span class='ocrx_word' id='word_1_5' title='bbox 402 558 438 627; x_wconf 92' lang='lat' dir='ltr'><strong>iu</strong></span> <span class='ocrx_word' id='word_1_6' title='bbox 463 554 623 625; x_wconf 92' lang='lat' dir='ltr'><strong>iudicium</strong></span> <span class='ocrx_word' id='word_1_7' title='bbox 646 578 723 627; x_wconf 90' lang='lat' dir='ltr'><strong>cum</strong></span> <span class='ocrx_word' id='word_1_8' title='bbox 749 576 855 628; x_wconf 90' lang='lat' dir='ltr'><strong>servo</strong></span> <span class='ocrx_word' id='word_1_9' title='bbox 882 565 940 627; x_wconf 93' lang='lat' dir='ltr'><strong>tuo</strong></span> <span class='ocrx_word' id='word_1_10' title='bbox 968 556 1134 646; x_wconf 90' lang='lat' dir='ltr'><strong>Domine,</strong></span> <span class='ocrx_word' id='word_1_11' title='bbox 1162 560 1240 652; x_wconf 87' lang='lat' dir='ltr'><strong>quia</strong></span> <span class='ocrx_word' id='word_1_12' title='bbox 1266 557 1381 633; x_wconf 89' lang='lat' dir='ltr'><strong>nullus</strong></span> 
     </span>
     <span class='ocr_line' id='line_1_3' title="bbox 64 656 1383 755; baseline 0.003 -27"><span class='ocrx_word' id='word_1_13' title='bbox 64 656 156 753; x_wconf 90' lang='lat' dir='ltr'><strong>apud</strong></span> <span class='ocrx_word' id='word_1_14' title='bbox 181 667 216 728; x_wconf 91' lang='lat' dir='ltr'><strong>te</strong></span> <span class='ocrx_word' id='word_1_15' title='bbox 239 656 473 732; x_wconf 87' lang='lat' dir='ltr'><strong>iustificabitur</strong></span> <span class='ocrx_word' id='word_1_16' title='bbox 495 656 610 745; x_wconf 84' lang='lat' dir='ltr'><strong>homo,</strong></span> <span class='ocrx_word' id='word_1_17' title='bbox 634 660 699 731; x_wconf 90' lang='lat' dir='ltr'><strong>nisi</strong></span> <span class='ocrx_word' id='word_1_18' title='bbox 719 680 783 754; x_wconf 88' lang='lat' dir='ltr'><strong>per</strong></span> <span class='ocrx_word' id='word_1_19' title='bbox 805 667 839 754; x_wconf 86' lang='lat' dir='ltr'><strong>te</strong></span> <span class='ocrx_word' id='word_1_20' title='bbox 864 661 1011 730; x_wconf 91' lang='lat' dir='ltr'><strong>omnium</strong></span> <span class='ocrx_word' id='word_1_21' title='bbox 1029 669 1250 755; x_wconf 90' lang='lat' dir='ltr'><strong>peccatorum</strong></span> <span class='ocrx_word' id='word_1_22' title='bbox 1272 663 1305 732; x_wconf 94' lang='lat' dir='ltr'><strong>ei</strong></span> <span class='ocrx_word' id='word_1_23' title='bbox 1323 665 1383 732; x_wconf 91' lang='lat' dir='ltr'><strong>tri-</strong></span> 
     </span>
     <span class='ocr_line' id='line_1_4' title="bbox 63 759 1381 855; baseline 0.003 -24"><span class='ocrx_word' id='word_1_24' title='bbox 63 760 187 831; x_wconf 88' lang='lat' dir='ltr'><strong>buatur</strong></span> <span class='ocrx_word' id='word_1_25' title='bbox 209 763 376 834; x_wconf 88' lang='lat' dir='ltr'><strong>remissio.</strong></span> <span class='ocrx_word' id='word_1_26' title='bbox 420 759 500 832; x_wconf 91' lang='lat' dir='ltr'><strong>Non</strong></span> <span class='ocrx_word' id='word_1_27' title='bbox 519 781 606 853; x_wconf 87' lang='lat' dir='ltr'><strong>ergo</strong></span> <span class='ocrx_word' id='word_1_28' title='bbox 628 778 718 851; x_wconf 89' lang='lat' dir='ltr'><strong>eum,</strong></span> <span class='ocrx_word' id='word_1_29' title='bbox 741 782 960 855; x_wconf 91' lang='lat' dir='ltr'><strong>quaesumus,</strong></span> <span class='ocrx_word' id='word_1_30' title='bbox 979 772 1037 833; x_wconf 91' lang='lat' dir='ltr'><strong>tua</strong></span> <span class='ocrx_word' id='word_1_31' title='bbox 1055 761 1224 836; x_wconf 91' lang='lat' dir='ltr'><strong>iudicialis</strong></span> <span class='ocrx_word' id='word_1_32' title='bbox 1245 775 1381 836; x_wconf 91' lang='lat' dir='ltr'><strong>seuten-</strong></span> 
     </span>
     <span class='ocr_line' id='line_1_5' title="bbox 64 861 1382 959; baseline 0.003 -25"><span class='ocrx_word' id='word_1_33' title='bbox 64 865 111 935; x_wconf 92' lang='lat' dir='ltr'><strong>tia</strong></span> <span class='ocrx_word' id='word_1_34' title='bbox 131 873 276 958; x_wconf 91' lang='lat' dir='ltr'><strong>premat,</strong></span> <span class='ocrx_word' id='word_1_35' title='bbox 297 885 399 957; x_wconf 86' lang='lat' dir='ltr'><strong>quern</strong></span> <span class='ocrx_word' id='word_1_36' title='bbox 420 863 480 952; x_wconf 85' lang='lat' dir='ltr'><strong>tibi</strong></span> <span class='ocrx_word' id='word_1_37' title='bbox 501 884 587 933; x_wconf 90' lang='lat' dir='ltr'><strong>vera</strong></span> <span class='ocrx_word' id='word_1_38' title='bbox 609 863 811 959; x_wconf 90' lang='lat' dir='ltr'><strong>supplicatio</strong></span> <span class='ocrx_word' id='word_1_39' title='bbox 833 862 912 934; x_wconf 89' lang='lat' dir='ltr'><strong>fidei</strong></span> <span class='ocrx_word' id='word_1_40' title='bbox 932 861 1146 937; x_wconf 79' lang='lat' dir='ltr'><strong>Christianae</strong></span> <span class='ocrx_word' id='word_1_41' title='bbox 1168 868 1382 938; x_wconf 76' lang='lat' dir='ltr'>commendat</span> 
     </span>
    </p>
   </div>
   <div class='ocr_carea' id='block_1_3' title="bbox 64 963 1517 1057">
    <p class='ocr_par' dir='ltr' id='par_1_3' title="bbox 64 963 1517 1057">
     <span class='ocr_line' id='line_1_6' title="bbox 64 963 1517 1057; baseline 0.003 -19"><span class='ocrx_word' id='word_1_42' title='bbox 64 963 129 1038; x_wconf 91' lang='lat' dir='ltr'><strong>sed</strong></span> <span class='ocrx_word' id='word_1_43' title='bbox 151 969 259 1056; x_wconf 84' lang='lat' dir='ltr'><strong>gratia</strong></span> <span class='ocrx_word' id='word_1_44' title='bbox 282 976 340 1036; x_wconf 90' lang='lat' dir='ltr'><strong>tua</strong></span> <span class='ocrx_word' id='word_1_45' title='bbox 360 967 410 1037; x_wconf 96' lang='lat' dir='ltr'><strong>illi</strong></span> <span class='ocrx_word' id='word_1_46' title='bbox 432 974 862 1055; x_wconf 84' lang='lat' dir='ltr'><strong>succurrente,&#39;mereatur</strong></span> <span class='ocrx_word' id='word_1_47' title='bbox 885 965 1036 1037; x_wconf 89' lang='lat' dir='ltr'><strong>evadere</strong></span> <span class='ocrx_word' id='word_1_48' title='bbox 1051 968 1211 1038; x_wconf 91' lang='lat' dir='ltr'><strong>iudicium</strong></span> <span class='ocrx_word' id='word_1_49' title='bbox 1229 969 1380 1057; x_wconf 91' lang='lat' dir='ltr'><strong>ultionis,</strong></span> <span class='ocrx_word' id='word_1_50' title='bbox 1452 1031 1457 1042; x_wconf 91' lang='lat'><em>.</em></span> <span class='ocrx_word' id='word_1_51' title='bbox 1508 1006 1517 1018; x_wconf 51' lang='grc' dir='ltr'><em>ν</em></span> 
     </span>
    </p>
   </div>
   <div class='ocr_carea' id='block_1_4' title="bbox 57 1066 1440 3710">
    <p class='ocr_par' dir='ltr' id='par_1_4' title="bbox 63 1066 1380 1263">
     <span class='ocr_line' id='line_1_7' title="bbox 65 1066 1380 1165; baseline 0.003 -29"><span class='ocrx_word' id='word_1_52' title='bbox 65 1066 225 1161; x_wconf 90' lang='lat' dir='ltr'><strong>quidum</strong></span> <span class='ocrx_word' id='word_1_53' title='bbox 252 1071 407 1156; x_wconf 88' lang='lat' dir='ltr'><strong>viveret,</strong></span> <span class='ocrx_word' id='word_1_54' title='bbox 440 1069 620 1158; x_wconf 84' lang='lat' dir='ltr'><strong>insignitus</strong></span> <span class='ocrx_word' id='word_1_55' title='bbox 648 1078 701 1142; x_wconf 89' lang='lat' dir='ltr'><strong>est</strong></span> <span class='ocrx_word' id='word_1_56' title='bbox 729 1069 907 1160; x_wconf 83' lang='lat' dir='ltr'><strong>signaculo</strong></span> <span class='ocrx_word' id='word_1_57' title='bbox 935 1078 1074 1142; x_wconf 88' lang='lat' dir='ltr'><strong>sanctae</strong></span> <span class='ocrx_word' id='word_1_58' title='bbox 1102 1069 1293 1144; x_wconf 77' lang='lat' dir='ltr'><strong>Trinitatis:</strong></span> <span class='ocrx_word' id='word_1_59' title='bbox 1323 1072 1380 1165; x_wconf 90' lang='lat' dir='ltr'><strong>qui</strong></span> 
     </span>
     <span class='ocr_line' id='line_1_8' title="bbox 63 1167 1103 1263; baseline 0.002 -23"><span class='ocrx_word' id='word_1_60' title='bbox 63 1171 155 1242; x_wconf 89' lang='lat' dir='ltr'><strong>vivis</strong></span> <span class='ocrx_word' id='word_1_61' title='bbox 177 1180 211 1240; x_wconf 91' lang='lat' dir='ltr'><strong>et</strong></span> <span class='ocrx_word' id='word_1_62' title='bbox 237 1192 364 1262; x_wconf 86' lang='lat' dir='ltr'><strong>regnas</strong></span> <span class='ocrx_word' id='word_1_63' title='bbox 386 1170 581 1244; x_wconf 89' lang='lat' dir='ltr'><strong>insaecula</strong></span> <span class='ocrx_word' id='word_1_64' title='bbox 602 1171 829 1263; x_wconf 86' lang='lat' dir='ltr'><strong>saeculorum.</strong></span> <span class='ocrx_word' id='word_1_65' title='bbox 875 1171 997 1242; x_wconf 93' lang='lat' dir='ltr'><strong>Amen.</strong></span> <span class='ocrx_word' id='word_1_66' title='bbox 1006 1167 1037 1256; x_wconf 92' lang='grc'><strong>1)</strong></span> <span class='ocrx_word' id='word_1_67' title='bbox 1099 1229 1103 1235; x_wconf 93' lang='lat'><strong>.</strong></span> 
     </span>
    </p>

    <p class='ocr_par' dir='ltr' id='par_1_5' title="bbox 62 1280 1381 2082">
     <span class='ocr_line' id='line_1_9' title="bbox 117 1280 1380 1364; baseline 0.002 -23"><span class='ocrx_word' id='word_1_68' title='bbox 117 1330 120 1335; x_wconf 28' lang='lat'><strong>⁴</strong></span> <span class='ocrx_word' id='word_1_69' title='bbox 166 1280 283 1342; x_wconf 84' lang='lat' dir='ltr'><strong>Deinde</strong></span> <span class='ocrx_word' id='word_1_70' title='bbox 299 1281 426 1344; x_wconf 89' lang='lat' dir='ltr'><strong>Cantore</strong></span> <span class='ocrx_word' id='word_1_71' title='bbox 446 1283 610 1361; x_wconf 87' lang='lat' dir='ltr'><strong>incipiente</strong></span> <span class='ocrx_word' id='word_1_72' title='bbox 627 1280 731 1344; x_wconf 89' lang='lat' dir='ltr'><strong>Clerus</strong></span> <span class='ocrx_word' id='word_1_73' title='bbox 746 1285 937 1343; x_wconf 84' lang='lat' dir='ltr'><strong>circumstans</strong></span> <span class='ocrx_word' id='word_1_74' title='bbox 952 1301 1082 1364; x_wconf 88' lang='lat' dir='ltr'><strong>sequens</strong></span> <span class='ocrx_word' id='word_1_75' title='bbox 1097 1290 1195 1343; x_wconf 89' lang='lat' dir='ltr'><strong>cantet</strong></span> <span class='ocrx_word' id='word_1_76' title='bbox 1210 1282 1380 1362; x_wconf 85' lang='lat' dir='ltr'><strong>Responsa-</strong></span> 
     </span>
     <span class='ocr_line' id='line_1_10' title="bbox 62 1373 1379 1465; baseline 0.002 -23"><span class='ocrx_word' id='word_1_77' title='bbox 62 1383 157 1444; x_wconf 85' lang='lat' dir='ltr'><strong>rinrn:</strong></span> <span class='ocrx_word' id='word_1_78' title='bbox 180 1373 304 1446; x_wconf 90' lang='lat' dir='ltr'><strong>Libera</strong></span> <span class='ocrx_word' id='word_1_79' title='bbox 330 1397 385 1446; x_wconf 92' lang='lat' dir='ltr'><strong>me</strong></span> <span class='ocrx_word' id='word_1_80' title='bbox 409 1374 555 1446; x_wconf 89' lang='lat' dir='ltr'><strong>Domine</strong></span> <span class='ocrx_word' id='word_1_81' title='bbox 578 1374 622 1446; x_wconf 93' lang='lat' dir='ltr'><strong>de</strong></span> <span class='ocrx_word' id='word_1_82' title='bbox 642 1386 754 1448; x_wconf 89' lang='lat' dir='ltr'><strong>morte</strong></span> <span class='ocrx_word' id='word_1_83' title='bbox 781 1386 934 1465; x_wconf 90' lang='lat' dir='ltr'><strong>aeterna,</strong></span> <span class='ocrx_word' id='word_1_84' title='bbox 956 1379 991 1446; x_wconf 94' lang='lat' dir='ltr'><strong>in</strong></span> <span class='ocrx_word' id='word_1_85' title='bbox 1017 1377 1072 1447; x_wconf 93' lang='lat' dir='ltr'><strong>die</strong></span> <span class='ocrx_word' id='word_1_86' title='bbox 1097 1375 1157 1446; x_wconf 90' lang='lat' dir='ltr'><strong>illa</strong></span> <span class='ocrx_word' id='word_1_87' title='bbox 1184 1375 1379 1446; x_wconf 73' lang='lat' dir='ltr'><strong>tremendas</strong></span> 
     </span>
     <span class='ocr_line' id='line_1_11' title="bbox 65 1476 1381 1572; baseline 0.002 -26"><span class='ocrx_word' id='word_1_88' title='bbox 65 1476 201 1570; x_wconf 91' lang='lat' dir='ltr'><strong>quando</strong></span> <span class='ocrx_word' id='word_1_89' title='bbox 224 1477 315 1548; x_wconf 90' lang='lat' dir='ltr'><strong>coeli</strong></span> <span class='ocrx_word' id='word_1_90' title='bbox 335 1477 496 1549; x_wconf 90' lang='lat' dir='ltr'><strong>movendi</strong></span> <span class='ocrx_word' id='word_1_91' title='bbox 519 1486 597 1551; x_wconf 92' lang='lat' dir='ltr'><strong>sunt</strong></span> <span class='ocrx_word' id='word_1_92' title='bbox 618 1487 652 1549; x_wconf 92' lang='lat' dir='ltr'><strong>et</strong></span> <span class='ocrx_word' id='word_1_93' title='bbox 672 1488 786 1572; x_wconf 54' lang='lat' dir='ltr'><strong>terra„</strong></span> <span class='ocrx_word' id='word_1_94' title='bbox 817 1478 906 1549; x_wconf 90' lang='lat' dir='ltr'><strong>Dum</strong></span> <span class='ocrx_word' id='word_1_95' title='bbox 932 1481 1072 1552; x_wconf 89' lang='lat' dir='ltr'><strong>veneris</strong></span> <span class='ocrx_word' id='word_1_96' title='bbox 1088 1478 1241 1549; x_wconf 90' lang='lat' dir='ltr'><strong>iudicare</strong></span> <span class='ocrx_word' id='word_1_97' title='bbox 1260 1499 1381 1550; x_wconf 90' lang='lat' dir='ltr'><strong>saecu-</strong></span> 
     </span>
     <span class='ocr_line' id='line_1_12' title="bbox 62 1578 1379 1672; baseline 0.002 -24"><span class='ocrx_word' id='word_1_98' title='bbox 62 1578 134 1648; x_wconf 92' lang='lat' dir='ltr'><strong>lum</strong></span> <span class='ocrx_word' id='word_1_99' title='bbox 154 1600 218 1672; x_wconf 91' lang='lat' dir='ltr'><strong>per</strong></span> <span class='ocrx_word' id='word_1_100' title='bbox 238 1582 363 1669; x_wconf 82' lang='lat' dir='ltr'><strong>ignem.</strong></span> <span class='ocrx_word' id='word_1_101' title='bbox 400 1585 442 1652; x_wconf 85' lang='lat' dir='ltr'><strong>u.</strong></span> <span class='ocrx_word' id='word_1_102' title='bbox 457 1578 625 1661; x_wconf 80' lang='lat' dir='ltr'><strong>Tremens</strong></span> <span class='ocrx_word' id='word_1_103' title='bbox 639 1578 749 1652; x_wconf 88' lang='lat' dir='ltr'><strong>iactus</strong></span> <span class='ocrx_word' id='word_1_104' title='bbox 764 1601 839 1652; x_wconf 91' lang='lat' dir='ltr'><strong>sum</strong></span> <span class='ocrx_word' id='word_1_105' title='bbox 855 1603 922 1671; x_wconf 81' lang='lat' dir='ltr'><strong>ego</strong></span> <span class='ocrx_word' id='word_1_106' title='bbox 939 1590 973 1651; x_wconf 90' lang='lat' dir='ltr'><strong>et</strong></span> <span class='ocrx_word' id='word_1_107' title='bbox 985 1585 1102 1668; x_wconf 89' lang='lat' dir='ltr'><strong>timeo,</strong></span> <span class='ocrx_word' id='word_1_108' title='bbox 1118 1581 1197 1650; x_wconf 90' lang='lat' dir='ltr'><strong>dum</strong></span> <span class='ocrx_word' id='word_1_109' title='bbox 1211 1580 1379 1653; x_wconf 91' lang='lat' dir='ltr'><strong>discussio</strong></span> 
     </span>
     <span class='ocr_line' id='line_1_13' title="bbox 62 1680 1378 1774; baseline -0.002 -22"><span class='ocrx_word' id='word_1_110' title='bbox 62 1682 219 1767; x_wconf 88' lang='lat' dir='ltr'><strong>venerit,</strong></span> <span class='ocrx_word' id='word_1_111' title='bbox 251 1688 524 1773; x_wconf 63' lang='lat' dir='ltr'><strong>atquesvenrnrn</strong></span> <span class='ocrx_word' id='word_1_112' title='bbox 554 1686 624 1768; x_wconf 92' lang='lat' dir='ltr'><strong>ira,</strong></span> <span class='ocrx_word' id='word_1_113' title='bbox 648 1680 783 1774; x_wconf 89' lang='lat' dir='ltr'><strong>quando</strong></span> <span class='ocrx_word' id='word_1_114' title='bbox 812 1682 903 1752; x_wconf 91' lang='lat' dir='ltr'><strong>coeli</strong></span> <span class='ocrx_word' id='word_1_115' title='bbox 925 1680 1089 1754; x_wconf 84' lang='lat' dir='ltr'><strong>movendi</strong></span> <span class='ocrx_word' id='word_1_116' title='bbox 1115 1692 1193 1753; x_wconf 88' lang='lat' dir='ltr'><strong>sunt</strong></span> <span class='ocrx_word' id='word_1_117' title='bbox 1220 1692 1253 1751; x_wconf 91' lang='lat' dir='ltr'><strong>et</strong></span> <span class='ocrx_word' id='word_1_118' title='bbox 1275 1691 1378 1751; x_wconf 91' lang='lat' dir='ltr'><strong>terra.</strong></span> 
     </span>
     <span class='ocr_line' id='line_1_14' title="bbox 64 1780 1380 1874; baseline -0.002 -19"><span class='ocrx_word' id='word_1_119' title='bbox 64 1789 107 1855; x_wconf 74' lang='lat' dir='ltr'><strong>tl.</strong></span> <span class='ocrx_word' id='word_1_120' title='bbox 129 1780 212 1854; x_wconf 88' lang='lat' dir='ltr'><strong>Dies</strong></span> <span class='ocrx_word' id='word_1_121' title='bbox 230 1781 302 1869; x_wconf 88' lang='lat' dir='ltr'><strong>illa,</strong></span> <span class='ocrx_word' id='word_1_122' title='bbox 321 1781 395 1851; x_wconf 90' lang='lat' dir='ltr'><strong>dies</strong></span> <span class='ocrx_word' id='word_1_123' title='bbox 413 1784 498 1871; x_wconf 87' lang='lat' dir='ltr'><strong>irae,</strong></span> <span class='ocrx_word' id='word_1_124' title='bbox 518 1784 719 1865; x_wconf 86' lang='lat' dir='ltr'><strong>calamitatis</strong></span> <span class='ocrx_word' id='word_1_125' title='bbox 738 1792 771 1853; x_wconf 90' lang='lat' dir='ltr'><strong>et</strong></span> <span class='ocrx_word' id='word_1_126' title='bbox 788 1786 960 1871; x_wconf 85' lang='lat' dir='ltr'><strong>miseriae,</strong></span> <span class='ocrx_word' id='word_1_127' title='bbox 980 1784 1053 1855; x_wconf 92' lang='lat' dir='ltr'><strong>dies</strong></span> <span class='ocrx_word' id='word_1_128' title='bbox 1070 1803 1194 1874; x_wconf 83' lang='lat' dir='ltr'><strong>magna</strong></span> <span class='ocrx_word' id='word_1_129' title='bbox 1214 1791 1247 1852; x_wconf 91' lang='lat' dir='ltr'><strong>et</strong></span> <span class='ocrx_word' id='word_1_130' title='bbox 1265 1803 1380 1854; x_wconf 89' lang='lat' dir='ltr'><strong>amara</strong></span> 
     </span>
     <span class='ocr_line' id='line_1_15' title="bbox 63 1881 1381 1979; baseline 0.002 -27"><span class='ocrx_word' id='word_1_131' title='bbox 63 1881 188 1971; x_wconf 85' lang='lat' dir='ltr'><strong>valde,</strong></span> <span class='ocrx_word' id='word_1_132' title='bbox 223 1882 300 1970; x_wconf 87' lang='lat' dir='ltr'><strong>dum</strong></span> <span class='ocrx_word' id='word_1_133' title='bbox 314 1886 478 1958; x_wconf 82' lang='lat' dir='ltr'><strong>¹veneris.</strong></span> <span class='ocrx_word' id='word_1_134' title='bbox 533 1892 575 1961; x_wconf 75' lang='lat' dir='ltr'><strong>u,</strong></span> <span class='ocrx_word' id='word_1_135' title='bbox 606 1883 774 1979; x_wconf 90' lang='lat' dir='ltr'><strong>Requiem</strong></span> <span class='ocrx_word' id='word_1_136' title='bbox 803 1894 976 1956; x_wconf 88' lang='lat' dir='ltr'><strong>aeternam</strong></span> <span class='ocrx_word' id='word_1_137' title='bbox 1001 1885 1090 1956; x_wconf 91' lang='lat' dir='ltr'><strong>dona</strong></span> <span class='ocrx_word' id='word_1_138' title='bbox 1118 1887 1151 1955; x_wconf 92' lang='lat' dir='ltr'><strong>ei</strong></span> <span class='ocrx_word' id='word_1_139' title='bbox 1176 1882 1323 1955; x_wconf 88' lang='lat' dir='ltr'><strong>Domine</strong></span> <span class='ocrx_word' id='word_1_140' title='bbox 1345 1893 1381 1954; x_wconf 91' lang='lat' dir='ltr'><strong>et</strong></span> 
     </span>
     <span class='ocr_line' id='line_1_16' title="bbox 64 1983 983 2082; baseline 0.003 -28"><span class='ocrx_word' id='word_1_141' title='bbox 64 1984 127 2054; x_wconf 86' lang='lat' dir='ltr'><strong>lux</strong></span> <span class='ocrx_word' id='word_1_142' title='bbox 147 1986 449 2081; x_wconf 81' lang='lat' dir='ltr'><strong>perpetua&#39;luceat</strong></span> <span class='ocrx_word' id='word_1_143' title='bbox 475 1989 517 2058; x_wconf 90' lang='lat' dir='ltr'><strong>ei.</strong></span> <span class='ocrx_word' id='word_1_144' title='bbox 566 1995 609 2061; x_wconf 84' lang='lat' dir='ltr'><strong>u.</strong></span> <span class='ocrx_word' id='word_1_145' title='bbox 637 1983 762 2059; x_wconf 88' lang='lat' dir='ltr'><strong>Libera</strong></span> <span class='ocrx_word' id='word_1_146' title='bbox 783 1983 890 2082; x_wconf 78' lang='lat' dir='ltr'><strong>me.²)</strong></span> <span class='ocrx_word' id='word_1_147' title='bbox 978 2056 983 2067; x_wconf 79' lang='grc'><em>,</em></span> 
     </span>
    </p>

    <p class='ocr_par' dir='ltr' id='par_1_6' title="bbox 60 2085 1408 2488">
     <span class='ocr_line' id='line_1_17' title="bbox 164 2085 1408 2179; baseline 0.001 -23"><span class='ocrx_word' id='word_1_148' title='bbox 164 2095 240 2157; x_wconf 86' lang='lat' dir='ltr'><strong>Duru</strong></span> <span class='ocrx_word' id='word_1_149' title='bbox 255 2106 388 2158; x_wconf 87' lang='lat' dir='ltr'><strong>cantatur</strong></span> <span class='ocrx_word' id='word_1_150' title='bbox 400 2095 579 2178; x_wconf 88' lang='lat' dir='ltr'><strong>praedictum</strong></span> <span class='ocrx_word' id='word_1_151' title='bbox 589 2099 831 2179; x_wconf 85' lang='lat' dir='ltr'><strong>Responsorium,</strong></span> <span class='ocrx_word' id='word_1_152' title='bbox 851 2100 1009 2178; x_wconf 82' lang='lat' dir='ltr'><strong>Sacerdos,</strong></span> <span class='ocrx_word' id='word_1_153' title='bbox 1020 2085 1167 2175; x_wconf 73' lang='lat' dir='ltr'><strong>dcdlytlro</strong></span> <span class='ocrx_word' id='word_1_154' title='bbox 1182 2097 1377 2158; x_wconf 91' lang='lat' dir='ltr'><strong>seuDiacono</strong></span> <span class='ocrx_word' id='word_1_155' title='bbox 1403 2123 1408 2128; x_wconf 95' lang='lat'>·</span> 
     </span>
     <span class='ocr_line' id='line_1_18' title="bbox 63 2197 1379 2280; baseline 0.001 -22"><span class='ocrx_word' id='word_1_156' title='bbox 63 2199 265 2277; x_wconf 84' lang='lat' dir='ltr'><strong>ministrante,</strong></span> <span class='ocrx_word' id='word_1_157' title='bbox 285 2201 392 2279; x_wconf 89' lang='lat' dir='ltr'><strong>accipit</strong></span> <span class='ocrx_word' id='word_1_158' title='bbox 410 2203 562 2262; x_wconf 89' lang='lat' dir='ltr'><strong>incensum</strong></span> <span class='ocrx_word' id='word_1_159' title='bbox 577 2201 614 2280; x_wconf 82' lang='lat' dir='ltr'><strong>de</strong></span> <span class='ocrx_word' id='word_1_160' title='bbox 629 2202 762 2272; x_wconf 87' lang='lat' dir='ltr'><strong>navicula</strong></span> <span class='ocrx_word' id='word_1_161' title='bbox 778 2212 807 2261; x_wconf 89' lang='lat' dir='ltr'><strong>ct</strong></span> <span class='ocrx_word' id='word_1_162' title='bbox 822 2197 907 2280; x_wconf 82' lang='lat' dir='ltr'><strong>ponit</strong></span> <span class='ocrx_word' id='word_1_163' title='bbox 921 2204 950 2261; x_wconf 92' lang='lat' dir='ltr'><strong>in</strong></span> <span class='ocrx_word' id='word_1_164' title='bbox 964 2201 1143 2262; x_wconf 90' lang='lat' dir='ltr'><strong>thuribulum</strong></span> <span class='ocrx_word' id='word_1_165' title='bbox 1161 2209 1190 2261; x_wconf 88' lang='lat' dir='ltr'><strong>et</strong></span> <span class='ocrx_word' id='word_1_166' title='bbox 1209 2201 1290 2261; x_wconf 84' lang='lat' dir='ltr'><strong>finito</strong></span> <span class='ocrx_word' id='word_1_167' title='bbox 1306 2198 1379 2259; x_wconf 86' lang='lat' dir='ltr'><strong>lles·</strong></span> 
     </span>
     <span class='ocr_line' id='line_1_19' title="bbox 61 2286 1377 2388; baseline 0 -26"><span class='ocrx_word' id='word_1_168' title='bbox 61 2303 205 2380; x_wconf 90' lang='lat' dir='ltr'><strong>ponsorio</strong></span> <span class='ocrx_word' id='word_1_169' title='bbox 222 2300 332 2362; x_wconf 86' lang='lat' dir='ltr'><strong>Cantor</strong></span> <span class='ocrx_word' id='word_1_170' title='bbox 346 2321 410 2363; x_wconf 89' lang='lat' dir='ltr'><strong>cum</strong></span> <span class='ocrx_word' id='word_1_171' title='bbox 424 2304 522 2381; x_wconf 92' lang='lat' dir='ltr'><strong>primo·</strong></span> <span class='ocrx_word' id='word_1_172' title='bbox 535 2301 634 2366; x_wconf 85' lang='lat' dir='ltr'><strong>Chore</strong></span> <span class='ocrx_word' id='word_1_173' title='bbox 649 2304 735 2366; x_wconf 89' lang='lat' dir='ltr'><strong>dicit:</strong></span> <span class='ocrx_word' id='word_1_174' title='bbox 753 2294 861 2388; x_wconf 77' lang='lat' dir='ltr'><strong>Kyrie</strong></span> <span class='ocrx_word' id='word_1_175' title='bbox 878 2286 1021 2366; x_wconf 81' lang='lat' dir='ltr'><strong>eleison.</strong></span> <span class='ocrx_word' id='word_1_176' title='bbox 1046 2302 1085 2363; x_wconf 88' lang='lat' dir='ltr'><strong>Et</strong></span> <span class='ocrx_word' id='word_1_177' title='bbox 1098 2301 1245 2363; x_wconf 90' lang='lat' dir='ltr'><strong>secundus</strong></span> <span class='ocrx_word' id='word_1_178' title='bbox 1262 2300 1377 2362; x_wconf 86' lang='lat' dir='ltr'><strong>Chorus</strong></span> 
     </span>
     <span class='ocr_line' id='line_1_20' title="bbox 60 2391 1374 2488; baseline 0 -26"><span class='ocrx_word' id='word_1_179' title='bbox 60 2401 241 2481; x_wconf 78' lang='lat' dir='ltr'><strong>respondet:</strong></span> <span class='ocrx_word' id='word_1_180' title='bbox 263 2391 397 2465; x_wconf 86' lang='lat' dir='ltr'><strong>Christe</strong></span> <span class='ocrx_word' id='word_1_181' title='bbox 419 2395 563 2467; x_wconf 87' lang='lat' dir='ltr'><strong>eleison.</strong></span> <span class='ocrx_word' id='word_1_182' title='bbox 601 2406 716 2466; x_wconf 87' lang='lat' dir='ltr'><strong>Deinde</strong></span> <span class='ocrx_word' id='word_1_183' title='bbox 731 2423 833 2465; x_wconf 85' lang='lat' dir='ltr'><strong>ornnes</strong></span> <span class='ocrx_word' id='word_1_184' title='bbox 848 2405 934 2464; x_wconf 89' lang='lat' dir='ltr'><strong>simul</strong></span> <span class='ocrx_word' id='word_1_185' title='bbox 954 2395 1086 2464; x_wconf 78' lang='lat' dir='ltr'><strong>dicuntz</strong></span> <span class='ocrx_word' id='word_1_186' title='bbox 1105 2394 1213 2488; x_wconf 77' lang='lat' dir='ltr'><strong>Kyrie</strong></span> <span class='ocrx_word' id='word_1_187' title='bbox 1231 2395 1374 2467; x_wconf 87' lang='lat' dir='ltr'><strong>eleison.</strong></span> 
     </span>
    </p>

    <p class='ocr_par' dir='ltr' id='par_1_7' title="bbox 59 2495 1440 3409">
     <span class='ocr_line' id='line_1_21' title="bbox 165 2495 1376 2568; baseline 0 -4"><span class='ocrx_word' id='word_1_188' title='bbox 165 2502 236 2565; x_wconf 75' lang='lat' dir='ltr'><strong>llos</strong></span> <span class='ocrx_word' id='word_1_189' title='bbox 256 2505 403 2566; x_wconf 87' lang='lat' dir='ltr'><strong>Sacerdos</strong></span> <span class='ocrx_word' id='word_1_190' title='bbox 424 2505 494 2567; x_wconf 90' lang='lat' dir='ltr'><strong>dicit</strong></span> <span class='ocrx_word' id='word_1_191' title='bbox 515 2507 573 2568; x_wconf 89' lang='lat' dir='ltr'><strong>alta</strong></span> <span class='ocrx_word' id='word_1_192' title='bbox 591 2525 668 2568; x_wconf 83' lang='lat' dir='ltr'><strong>voce</strong></span> <span class='ocrx_word' id='word_1_193' title='bbox 681 2496 783 2568; x_wconf 87' lang='lat' dir='ltr'><strong>Pater</strong></span> <span class='ocrx_word' id='word_1_194' title='bbox 797 2495 924 2568; x_wconf 78' lang='lat' dir='ltr'><strong>Noster</strong></span> <span class='ocrx_word' id='word_1_195' title='bbox 946 2515 1002 2566; x_wconf 88' lang='lat' dir='ltr'><strong>etc.</strong></span> <span class='ocrx_word' id='word_1_196' title='bbox 1025 2515 1055 2566; x_wconf 91' lang='lat' dir='ltr'><strong>et</strong></span> <span class='ocrx_word' id='word_1_197' title='bbox 1075 2514 1193 2567; x_wconf 89' lang='lat' dir='ltr'><strong>secreto</strong></span> <span class='ocrx_word' id='word_1_198' title='bbox 1214 2506 1321 2566; x_wconf 91' lang='lat' dir='ltr'><strong>dicitur</strong></span> <span class='ocrx_word' id='word_1_199' title='bbox 1339 2506 1376 2566; x_wconf 87' lang='lat' dir='ltr'><strong>ab</strong></span> 
     </span>
     <span class='ocr_line' id='line_1_22' title="bbox 63 2606 1375 2688; baseline -0.001 -21"><span class='ocrx_word' id='word_1_200' title='bbox 63 2606 215 2668; x_wconf 87' lang='lat' dir='ltr'><strong>omnibus:</strong></span> <span class='ocrx_word' id='word_1_201' title='bbox 230 2608 339 2687; x_wconf 88' lang='lat' dir='ltr'><strong>etipse</strong></span> <span class='ocrx_word' id='word_1_202' title='bbox 353 2608 469 2668; x_wconf 90' lang='lat' dir='ltr'><strong>interim</strong></span> <span class='ocrx_word' id='word_1_203' title='bbox 483 2610 590 2688; x_wconf 92' lang='lat' dir='ltr'><strong>accipit</strong></span> <span class='ocrx_word' id='word_1_204' title='bbox 603 2609 763 2678; x_wconf 87' lang='lat' dir='ltr'><strong>aDiacono</strong></span> <span class='ocrx_word' id='word_1_205' title='bbox 777 2607 826 2668; x_wconf 84' lang='lat' dir='ltr'><strong>vel</strong></span> <span class='ocrx_word' id='word_1_206' title='bbox 840 2606 988 2684; x_wconf 76' lang='lat' dir='ltr'><strong>Acolptho</strong></span> <span class='ocrx_word' id='word_1_207' title='bbox 1003 2610 1202 2688; x_wconf 84' lang='lat' dir='ltr'><strong>aspersorium</strong></span> <span class='ocrx_word' id='word_1_208' title='bbox 1216 2624 1309 2686; x_wconf 88' lang='lat' dir='ltr'><strong>aquae</strong></span> <span class='ocrx_word' id='word_1_209' title='bbox 1325 2608 1375 2668; x_wconf 88' lang='lat' dir='ltr'><strong>be-</strong></span> 
     </span>
     <span class='ocr_line' id='line_1_23' title="bbox 61 2706 1376 2790; baseline -0.001 -21"><span class='ocrx_word' id='word_1_210' title='bbox 61 2709 199 2771; x_wconf 89' lang='lat' dir='ltr'><strong>nedictae</strong></span> <span class='ocrx_word' id='word_1_211' title='bbox 214 2706 244 2770; x_wconf 78' lang='lat' dir='ltr'><strong>&#39;et</strong></span> <span class='ocrx_word' id='word_1_212' title='bbox 258 2711 333 2771; x_wconf 91' lang='lat' dir='ltr'><strong>lacta</strong></span> <span class='ocrx_word' id='word_1_213' title='bbox 348 2709 493 2788; x_wconf 83' lang='lat' dir='ltr'><strong>profunda</strong></span> <span class='ocrx_word' id='word_1_214' title='bbox 508 2711 701 2773; x_wconf 83' lang='lat' dir='ltr'><strong>inclinatione</strong></span> <span class='ocrx_word' id='word_1_215' title='bbox 713 2713 803 2786; x_wconf 90' lang='lat' dir='ltr'><strong>cruci,</strong></span> <span class='ocrx_word' id='word_1_216' title='bbox 820 2729 894 2790; x_wconf 89' lang='lat' dir='ltr'><strong>quae</strong></span> <span class='ocrx_word' id='word_1_217' title='bbox 910 2719 1008 2771; x_wconf 87' lang='lat' dir='ltr'><strong>estex</strong></span> <span class='ocrx_word' id='word_1_218' title='bbox 1023 2710 1161 2784; x_wconf 86' lang='lat' dir='ltr'><strong>aduerso,</strong></span> <span class='ocrx_word' id='word_1_219' title='bbox 1174 2709 1308 2770; x_wconf 91' lang='lat' dir='ltr'><strong>Diacono</strong></span> <span class='ocrx_word' id='word_1_220' title='bbox 1322 2727 1376 2769; x_wconf 91' lang='lat' dir='ltr'><strong>scu</strong></span> 
     </span>
     <span class='ocr_line' id='line_1_24' title="bbox 61 2811 1375 2907; baseline 0.001 -37"><span class='ocrx_word' id='word_1_221' title='bbox 61 2812 196 2873; x_wconf 89' lang='lat' dir='ltr'><strong>ministro</strong></span> <span class='ocrx_word' id='word_1_222' title='bbox 218 2811 440 2890; x_wconf 82' lang='lat' dir='ltr'><strong>genuflectente</strong></span> <span class='ocrx_word' id='word_1_223' title='bbox 463 2822 494 2873; x_wconf 88' lang='lat' dir='ltr'><strong>ct</strong></span> <span class='ocrx_word' id='word_1_224' title='bbox 512 2813 640 2876; x_wconf 83' lang='lat' dir='ltr'><strong>limbrias</strong></span> <span class='ocrx_word' id='word_1_225' title='bbox 661 2813 798 2907; x_wconf 69' lang='lat' dir='ltr'><strong>pluvialis</strong></span> <span class='ocrx_word' id='word_1_226' title='bbox 819 2812 1006 2873; x_wconf 85' lang='lat' dir='ltr'><strong>sublevante:</strong></span> <span class='ocrx_word' id='word_1_227' title='bbox 1036 2814 1210 2874; x_wconf 89' lang='lat' dir='ltr'><strong>circumiens</strong></span> <span class='ocrx_word' id='word_1_228' title='bbox 1234 2812 1375 2873; x_wconf 81' lang='lat' dir='ltr'><strong>feretrum</strong></span> 
     </span>
     <span class='ocr_line' id='line_1_25' title="bbox 62 2905 1399 3006; baseline 0.001 -33"><span class='ocrx_word' id='word_1_229' title='bbox 62 2912 103 2991; x_wconf 90' lang='lat' dir='ltr'><strong>(si</strong></span> <span class='ocrx_word' id='word_1_230' title='bbox 122 2915 225 2976; x_wconf 84' lang='lat' dir='ltr'><strong>transit</strong></span> <span class='ocrx_word' id='word_1_231' title='bbox 243 2923 312 2975; x_wconf 88' lang='lat' dir='ltr'><strong>ante</strong></span> <span class='ocrx_word' id='word_1_232' title='bbox 328 2915 547 2977; x_wconf 84' lang='lat' dir='ltr'><strong>Sacramentum</strong></span> <span class='ocrx_word' id='word_1_233' title='bbox 561 2905 750 3006; x_wconf 78' lang='lat' dir='ltr'><strong>genuflectit)</strong></span> <span class='ocrx_word' id='word_1_234' title='bbox 766 2917 897 2995; x_wconf 84' lang='lat' dir='ltr'><strong>aspergit</strong></span> <span class='ocrx_word' id='word_1_235' title='bbox 911 2933 1019 2994; x_wconf 91' lang='lat' dir='ltr'><strong>corpus</strong></span> <span class='ocrx_word' id='word_1_236' title='bbox 1035 2914 1181 2991; x_wconf 85' lang='lat' dir='ltr'><strong>defuncti,</strong></span> <span class='ocrx_word' id='word_1_237' title='bbox 1208 2913 1315 2975; x_wconf 86' lang='lat' dir='ltr'><strong>deinde</strong></span> <span class='ocrx_word' id='word_1_238' title='bbox 1329 2932 1375 2974; x_wconf 89' lang='lat' dir='ltr'><strong>re·</strong></span> <span class='ocrx_word' id='word_1_239' title='bbox 1396 2942 1399 2947; x_wconf 88' lang='lat'><strong>·</strong></span> 
     </span>
     <span class='ocr_line' id='line_1_26' title="bbox 59 3015 1374 3098; baseline 0.002 -23"><span class='ocrx_word' id='word_1_240' title='bbox 59 3033 166 3076; x_wconf 80' lang='lat' dir='ltr'><strong>uersus</strong></span> <span class='ocrx_word' id='word_1_241' title='bbox 181 3016 217 3077; x_wconf 91' lang='lat' dir='ltr'><strong>ad</strong></span> <span class='ocrx_word' id='word_1_242' title='bbox 231 3015 327 3078; x_wconf 91' lang='lat' dir='ltr'><strong>locum</strong></span> <span class='ocrx_word' id='word_1_243' title='bbox 342 3037 443 3095; x_wconf 92' lang='lat' dir='ltr'><strong>suum,</strong></span> <span class='ocrx_word' id='word_1_244' title='bbox 461 3017 596 3080; x_wconf 89' lang='lat' dir='ltr'><strong>Diacono</strong></span> <span class='ocrx_word' id='word_1_245' title='bbox 610 3020 795 3096; x_wconf 77' lang='lat' dir='ltr'><strong>ministrante</strong></span> <span class='ocrx_word' id='word_1_246' title='bbox 808 3020 915 3098; x_wconf 84' lang='lat' dir='ltr'><strong>accipit</strong></span> <span class='ocrx_word' id='word_1_247' title='bbox 928 3018 1106 3083; x_wconf 89' lang='lat' dir='ltr'><strong>thuribulum</strong></span> <span class='ocrx_word' id='word_1_248' title='bbox 1121 3026 1151 3078; x_wconf 89' lang='lat' dir='ltr'><strong>et</strong></span> <span class='ocrx_word' id='word_1_249' title='bbox 1166 3015 1271 3077; x_wconf 87' lang='lat' dir='ltr'><strong>eodem</strong></span> <span class='ocrx_word' id='word_1_250' title='bbox 1285 3015 1374 3078; x_wconf 92' lang='lat' dir='ltr'><strong>modo</strong></span> 
     </span>
     <span class='ocr_line' id='line_1_27' title="bbox 59 3111 1440 3201; baseline -0.001 -23"><span class='ocrx_word' id='word_1_251' title='bbox 59 3119 194 3178; x_wconf 91' lang='lat' dir='ltr'><strong>circumit</strong></span> <span class='ocrx_word' id='word_1_252' title='bbox 208 3111 350 3178; x_wconf 88' lang='lat' dir='ltr'><strong>lerstrum</strong></span> <span class='ocrx_word' id='word_1_253' title='bbox 365 3129 396 3180; x_wconf 89' lang='lat' dir='ltr'><strong>et</strong></span> <span class='ocrx_word' id='word_1_254' title='bbox 413 3111 521 3199; x_wconf 90' lang='lat' dir='ltr'><strong>corpus</strong></span> <span class='ocrx_word' id='word_1_255' title='bbox 536 3123 668 3183; x_wconf 90' lang='lat' dir='ltr'><strong>incensat</strong></span> <span class='ocrx_word' id='word_1_256' title='bbox 685 3130 716 3181; x_wconf 93' lang='lat' dir='ltr'><strong>ut</strong></span> <span class='ocrx_word' id='word_1_257' title='bbox 729 3130 913 3201; x_wconf 86' lang='lat' dir='ltr'><strong>asperserat:</strong></span> <span class='ocrx_word' id='word_1_258' title='bbox 928 3129 1033 3200; x_wconf 90' lang='lat' dir='ltr'><strong>postea</strong></span> <span class='ocrx_word' id='word_1_259' title='bbox 1049 3119 1164 3181; x_wconf 89' lang='lat' dir='ltr'><strong>reddito</strong></span> <span class='ocrx_word' id='word_1_260' title='bbox 1182 3118 1331 3178; x_wconf 87' lang='lat' dir='ltr'><strong>thuribulo</strong></span> <span class='ocrx_word' id='word_1_261' title='bbox 1345 3119 1373 3177; x_wconf 91' lang='lat' dir='ltr'><strong>ei</strong></span> <span class='ocrx_word' id='word_1_262' title='bbox 1436 3140 1440 3145; x_wconf 66' lang='grc'><strong>’</strong></span> 
     </span>
     <span class='ocr_line' id='line_1_28' title="bbox 59 3219 1372 3299; baseline 0 -20"><span class='ocrx_word' id='word_1_263' title='bbox 59 3239 76 3280; x_wconf 93' lang='lat' dir='ltr'><strong>a</strong></span> <span class='ocrx_word' id='word_1_264' title='bbox 92 3237 150 3297; x_wconf 85' lang='lat' dir='ltr'><strong>quo</strong></span> <span class='ocrx_word' id='word_1_265' title='bbox 164 3227 341 3299; x_wconf 87' lang='lat' dir='ltr'><strong>acceperat,</strong></span> <span class='ocrx_word' id='word_1_266' title='bbox 363 3229 443 3280; x_wconf 88' lang='lat' dir='ltr'><strong>stans</strong></span> <span class='ocrx_word' id='word_1_267' title='bbox 459 3222 488 3281; x_wconf 94' lang='lat' dir='ltr'><strong>in</strong></span> <span class='ocrx_word' id='word_1_268' title='bbox 502 3221 569 3286; x_wconf 90' lang='lat' dir='ltr'><strong>loco</strong></span> <span class='ocrx_word' id='word_1_269' title='bbox 585 3242 657 3299; x_wconf 88' lang='lat' dir='ltr'><strong>suo,</strong></span> <span class='ocrx_word' id='word_1_270' title='bbox 677 3222 826 3298; x_wconf 78' lang='lat' dir='ltr'><strong>Acolytlro</strong></span> <span class='ocrx_word' id='word_1_271' title='bbox 841 3237 893 3282; x_wconf 86' lang='lat' dir='ltr'><strong>seu</strong></span> <span class='ocrx_word' id='word_1_272' title='bbox 908 3223 966 3283; x_wconf 91' lang='lat' dir='ltr'><strong>alio</strong></span> <span class='ocrx_word' id='word_1_273' title='bbox 982 3224 1116 3284; x_wconf 88' lang='lat' dir='ltr'><strong>ministro</strong></span> <span class='ocrx_word' id='word_1_274' title='bbox 1131 3230 1253 3282; x_wconf 85' lang='lat' dir='ltr'><strong>tenente</strong></span> <span class='ocrx_word' id='word_1_275' title='bbox 1266 3219 1372 3280; x_wconf 89' lang='lat' dir='ltr'><strong>librum</strong></span> 
     </span>
     <span class='ocr_line' id='line_1_29' title="bbox 59 3308 1372 3409; baseline 0 -27"><span class='ocrx_word' id='word_1_276' title='bbox 59 3308 269 3401; x_wconf 77' lang='lat' dir='ltr'><strong>apertuman&#39;te</strong></span> <span class='ocrx_word' id='word_1_277' title='bbox 277 3339 310 3381; x_wconf 90' lang='lat' dir='ltr'><strong>se</strong></span> <span class='ocrx_word' id='word_1_278' title='bbox 320 3319 391 3383; x_wconf 84' lang='lat' dir='ltr'><strong>dicit</strong></span> <span class='ocrx_word' id='word_1_279' title='bbox 405 3319 447 3385; x_wconf 70' lang='lat' dir='ltr'><strong>D.</strong></span> <span class='ocrx_word' id='word_1_280' title='bbox 462 3311 506 3383; x_wconf 84' lang='lat' dir='ltr'><strong>Et</strong></span> <span class='ocrx_word' id='word_1_281' title='bbox 518 3335 563 3385; x_wconf 87' lang='lat' dir='ltr'><strong>no</strong></span> <span class='ocrx_word' id='word_1_282' title='bbox 576 3336 640 3388; x_wconf 92' lang='lat' dir='ltr'><strong>nos</strong></span> <span class='ocrx_word' id='word_1_283' title='bbox 653 3314 794 3400; x_wconf 82' lang='lat' dir='ltr'><strong>inducas</strong></span> <span class='ocrx_word' id='word_1_284' title='bbox 810 3318 1073 3386; x_wconf 91' lang='lat' dir='ltr'><strong>intentationem</strong></span> <span class='ocrx_word' id='word_1_285' title='bbox 1088 3324 1151 3385; x_wconf 90' lang='lat' dir='ltr'><strong>eto.</strong></span> <span class='ocrx_word' id='word_1_286' title='bbox 1162 3322 1237 3406; x_wconf 90' lang='lat' dir='ltr'><strong>utp.</strong></span> <span class='ocrx_word' id='word_1_287' title='bbox 1247 3309 1372 3409; x_wconf 82' lang='lat'>341.³)</span> 
     </span>
    </p>

    <p class='ocr_par' dir='ltr' id='par_1_8' title="bbox 57 3413 1372 3710">
     <span class='ocr_line' id='line_1_30' title="bbox 164 3413 1372 3514; baseline 0.001 -29"><span class='ocrx_word' id='word_1_288' title='bbox 164 3413 318 3486; x_wconf 88' lang='lat' dir='ltr'><strong>Oremus.</strong></span> <span class='ocrx_word' id='word_1_289' title='bbox 360 3414 456 3487; x_wconf 90' lang='lat' dir='ltr'><strong>Deus</strong></span> <span class='ocrx_word' id='word_1_290' title='bbox 476 3419 532 3487; x_wconf 90' lang='lat' dir='ltr'><strong>cui</strong></span> <span class='ocrx_word' id='word_1_291' title='bbox 552 3439 689 3514; x_wconf 88' lang='lat' dir='ltr'><strong>semper</strong></span> <span class='ocrx_word' id='word_1_292' title='bbox 709 3421 885 3513; x_wconf 92' lang='lat' dir='ltr'><strong>proprium</strong></span> <span class='ocrx_word' id='word_1_293' title='bbox 909 3425 962 3488; x_wconf 90' lang='lat' dir='ltr'><strong>est</strong></span> <span class='ocrx_word' id='word_1_294' title='bbox 980 3419 1137 3488; x_wconf 91' lang='lat' dir='ltr'><strong>misereri</strong></span> <span class='ocrx_word' id='word_1_295' title='bbox 1159 3425 1193 3485; x_wconf 91' lang='lat' dir='ltr'><strong>et</strong></span> <span class='ocrx_word' id='word_1_296' title='bbox 1213 3436 1372 3508; x_wconf 90' lang='lat' dir='ltr'><strong>parcere,</strong></span> 
     </span>
     <span class='ocr_line' id='line_1_31' title="bbox 57 3513 1372 3613; baseline 0 -25"><span class='ocrx_word' id='word_1_297' title='bbox 57 3528 94 3588; x_wconf 90' lang='lat' dir='ltr'><strong>te</strong></span> <span class='ocrx_word' id='word_1_298' title='bbox 114 3517 286 3613; x_wconf 91' lang='lat' dir='ltr'><strong>supplices</strong></span> <span class='ocrx_word' id='word_1_299' title='bbox 308 3537 494 3598; x_wconf 88' lang='lat' dir='ltr'><strong>exoramus</strong></span> <span class='ocrx_word' id='word_1_300' title='bbox 512 3541 576 3613; x_wconf 91' lang='lat' dir='ltr'><strong>pro</strong></span> <span class='ocrx_word' id='word_1_301' title='bbox 597 3522 707 3590; x_wconf 90' lang='lat' dir='ltr'><strong>anima</strong></span> <span class='ocrx_word' id='word_1_302' title='bbox 726 3519 845 3590; x_wconf 87' lang='lat' dir='ltr'><strong>famuli</strong></span> <span class='ocrx_word' id='word_1_303' title='bbox 865 3519 915 3589; x_wconf 90' lang='lat' dir='ltr'><strong>tui</strong></span> <span class='ocrx_word' id='word_1_304' title='bbox 929 3516 972 3589; x_wconf 89' lang='grc' dir='ltr'><strong>’Ν.</strong></span> <span class='ocrx_word' id='word_1_305' title='bbox 995 3517 1218 3612; x_wconf 89' lang='lat' dir='ltr'><strong>quamhodie</strong></span> <span class='ocrx_word' id='word_1_306' title='bbox 1240 3513 1292 3586; x_wconf 85' lang='lat' dir='ltr'><strong>&#39;de</strong></span> <span class='ocrx_word' id='word_1_307' title='bbox 1304 3517 1372 3588; x_wconf 92' lang='lat' dir='ltr'><strong>hoc</strong></span> 
     </span>
     <span class='ocr_line' id='line_1_32' title="bbox 57 3619 1371 3710; baseline -0.002 -18"><span class='ocrx_word' id='word_1_308' title='bbox 57 3619 200 3694; x_wconf 88' lang='lat' dir='ltr'><strong>saeculo</strong></span> <span class='ocrx_word' id='word_1_309' title='bbox 227 3622 377 3710; x_wconf 84' lang='lat' dir='ltr'><strong>migrare</strong></span> <span class='ocrx_word' id='word_1_310' title='bbox 399 3621 545 3692; x_wconf 85' lang='lat' dir='ltr'><strong>iussisti:</strong></span> <span class='ocrx_word' id='word_1_311' title='bbox 574 3633 699 3694; x_wconf 90' lang='lat' dir='ltr'><strong>utnon</strong></span> <span class='ocrx_word' id='word_1_312' title='bbox 722 3622 835 3694; x_wconf 88' lang='lat' dir='ltr'><strong>tradas</strong></span> <span class='ocrx_word' id='word_1_313' title='bbox 862 3643 938 3692; x_wconf 93' lang='lat' dir='ltr'><strong>eam</strong></span> <span class='ocrx_word' id='word_1_314' title='bbox 960 3622 1137 3693; x_wconf 89' lang='lat' dir='ltr'><strong>in&#39;manus</strong></span> <span class='ocrx_word' id='word_1_315' title='bbox 1160 3621 1286 3690; x_wconf 89' lang='lat' dir='ltr'><strong>inimici</strong></span> <span class='ocrx_word' id='word_1_316' title='bbox 1302 3632 1371 3706; x_wconf 52' lang='lat' dir='ltr'><strong>&#39;nef</strong></span> 
     </span>
    </p>
   </div>
   <div class='ocr_carea' id='block_1_5' title="bbox 54 3802 1422 4733">
    <p class='ocr_par' dir='ltr' id='par_1_9' title="bbox 56 3802 1367 3953">
     <span class='ocr_line' id='line_1_33' title="bbox 109 3802 1367 3886; baseline 0.003 -25"><span class='ocrx_word' id='word_1_317' title='bbox 109 3802 148 3881; x_wconf 90' lang='lat' dir='ltr'><strong>&#39;l)</strong></span> <span class='ocrx_word' id='word_1_318' title='bbox 172 3808 248 3865; x_wconf 89' lang='lat' dir='ltr'><strong>Saer.</strong></span> <span class='ocrx_word' id='word_1_319' title='bbox 266 3805 347 3878; x_wconf 64' lang='grc' dir='ltr'><strong>(ἕως.</strong></span> <span class='ocrx_word' id='word_1_320' title='bbox 364 3809 426 3865; x_wconf 81' lang='lat' dir='ltr'><strong>Vct.</strong></span> <span class='ocrx_word' id='word_1_321' title='bbox 442 3809 539 3886; x_wconf 82' lang='lat' dir='ltr'><strong>Othob.</strong></span> <span class='ocrx_word' id='word_1_322' title='bbox 556 3810 613 3865; x_wconf 82' lang='lat' dir='ltr'><strong>ilat.</strong></span> <span class='ocrx_word' id='word_1_323' title='bbox 630 3810 778 3875; x_wconf 82' lang='lat' dir='ltr'><strong>Domine</strong></span> <span class='ocrx_word' id='word_1_324' title='bbox 799 3811 876 3866; x_wconf 92' lang='lat' dir='ltr'><strong>illo.</strong></span> <span class='ocrx_word' id='word_1_325' title='bbox 892 3842 933 3852; x_wconf 90' lang='lat'><em>-</em></span> <span class='ocrx_word' id='word_1_326' title='bbox 949 3808 1128 3882; x_wconf 88' lang='lat' dir='ltr'><strong>quoniam.</strong></span> <span class='ocrx_word' id='word_1_327' title='bbox 1158 3810 1215 3866; x_wconf 84' lang='lat' dir='ltr'><strong>ilat.</strong></span> <span class='ocrx_word' id='word_1_328' title='bbox 1232 3808 1367 3865; x_wconf 86' lang='lat' dir='ltr'><strong>tribua-</strong></span> 
     </span>
     <span class='ocr_line' id='line_1_34' title="bbox 56 3891 1275 3953; baseline 0.002 -3"><span class='ocrx_word' id='word_1_329' title='bbox 56 3892 172 3951; x_wconf 87' lang='lat' dir='ltr'><strong>turci.</strong></span> <span class='ocrx_word' id='word_1_330' title='bbox 201 3891 580 3953; x_wconf 88' lang='lat' dir='ltr'><strong>Othob.diemultionis.</strong></span> <span class='ocrx_word' id='word_1_331' title='bbox 739 3939 752 3948; x_wconf 58' lang='lat'><strong><em>„</em></strong></span> <span class='ocrx_word' id='word_1_332' title='bbox 801 3913 806 3921; x_wconf 87' lang='lat'><strong>·</strong></span> <span class='ocrx_word' id='word_1_333' title='bbox 887 3926 893 3940; x_wconf 89' lang='lat'><strong>·</strong></span> <span class='ocrx_word' id='word_1_334' title='bbox 1141 3929 1145 3938; x_wconf 88' lang='lat'><strong>·</strong></span> <span class='ocrx_word' id='word_1_335' title='bbox 1270 3929 1275 3942; x_wconf 88' lang='lat'><strong>·</strong></span> 
     </span>
    </p>

    <p class='ocr_par' dir='ltr' id='par_1_10' title="bbox 54 3972 1422 4477">
     <span class='ocr_line' id='line_1_35' title="bbox 117 3972 1367 4055; baseline 0.001 -27"><span class='ocrx_word' id='word_1_336' title='bbox 117 3972 148 4050; x_wconf 77' lang='lat'><strong>2)</strong></span> <span class='ocrx_word' id='word_1_337' title='bbox 171 3975 342 4033; x_wconf 88' lang='lat' dir='ltr'><strong>B&#39;rnterim</strong></span> <span class='ocrx_word' id='word_1_338' title='bbox 363 3980 381 4034; x_wconf 93' lang='lat' dir='ltr'><strong>l.</strong></span> <span class='ocrx_word' id='word_1_339' title='bbox 397 3995 421 4039; x_wconf 84' lang='lat' dir='ltr'><strong>c.</strong></span> <span class='ocrx_word' id='word_1_340' title='bbox 437 3997 463 4051; x_wconf 89' lang='lat' dir='ltr'><strong>p.</strong></span> <span class='ocrx_word' id='word_1_341' title='bbox 480 3980 542 4034; x_wconf 79' lang='lat'><strong>434.</strong></span> <span class='ocrx_word' id='word_1_342' title='bbox 571 3981 626 4035; x_wconf 89' lang='lat' dir='ltr'><strong>Das</strong></span> <span class='ocrx_word' id='word_1_343' title='bbox 641 3981 706 4035; x_wconf 82' lang='lat' dir='ltr'><strong>istut</strong></span> <span class='ocrx_word' id='word_1_344' title='bbox 720 3981 930 4050; x_wconf 82' lang='lat' dir='ltr'><strong>gebritnchliche</strong></span> <span class='ocrx_word' id='word_1_345' title='bbox 944 3979 1071 4036; x_wconf 86' lang='lat' dir='ltr'><strong>Libera</strong></span> <span class='ocrx_word' id='word_1_346' title='bbox 1088 3995 1135 4034; x_wconf 88' lang='lat' dir='ltr'><strong>me</strong></span> <span class='ocrx_word' id='word_1_347' title='bbox 1150 3980 1237 4035; x_wconf 86' lang='lat' dir='ltr'><strong>haben</strong></span> <span class='ocrx_word' id='word_1_348' title='bbox 1253 3975 1367 4055; x_wconf 87' lang='lat' dir='ltr'><strong>beiualre</strong></span> 
     </span>
     <span class='ocr_line' id='line_1_36' title="bbox 56 4060 1367 4140; baseline -0.003 -22"><span class='ocrx_word' id='word_1_349' title='bbox 56 4061 138 4118; x_wconf 85' lang='lat' dir='ltr'><strong>keinc</strong></span> <span class='ocrx_word' id='word_1_350' title='bbox 161 4077 212 4140; x_wconf 86' lang='lat' dir='ltr'><strong>vor</strong></span> <span class='ocrx_word' id='word_1_351' title='bbox 231 4060 292 4117; x_wconf 90' lang='lat' dir='ltr'><strong>dem</strong></span> <span class='ocrx_word' id='word_1_352' title='bbox 312 4067 391 4119; x_wconf 83' lang='lat' dir='ltr'><strong>loton</strong></span> <span class='ocrx_word' id='word_1_353' title='bbox 407 4063 495 4119; x_wconf 86' lang='lat' dir='ltr'><strong>lalrrh.</strong></span> <span class='ocrx_word' id='word_1_354' title='bbox 517 4064 717 4135; x_wconf 80' lang='lat' dir='ltr'><strong>angelortigten</strong></span> <span class='ocrx_word' id='word_1_355' title='bbox 733 4065 865 4135; x_wconf 84' lang='lat' dir='ltr'><strong>Codices,</strong></span> <span class='ocrx_word' id='word_1_356' title='bbox 887 4063 972 4120; x_wconf 88' lang='lat' dir='ltr'><strong>selbst</strong></span> <span class='ocrx_word' id='word_1_357' title='bbox 990 4065 1064 4121; x_wconf 88' lang='lat' dir='ltr'><strong>nicht</strong></span> <span class='ocrx_word' id='word_1_358' title='bbox 1078 4064 1175 4120; x_wconf 89' lang='lat' dir='ltr'><strong>einmal</strong></span> <span class='ocrx_word' id='word_1_359' title='bbox 1191 4064 1235 4119; x_wconf 91' lang='lat' dir='ltr'><strong>dic</strong></span> <span class='ocrx_word' id='word_1_360' title='bbox 1251 4060 1367 4116; x_wconf 85' lang='lat' dir='ltr'><strong>Ordines</strong></span> 
     </span>
     <span class='ocr_line' id='line_1_37' title="bbox 55 4144 1367 4221; baseline -0.004 -19"><span class='ocrx_word' id='word_1_361' title='bbox 55 4146 184 4203; x_wconf 75' lang='lat' dir='ltr'><strong>Romani:</strong></span> <span class='ocrx_word' id='word_1_362' title='bbox 201 4147 273 4203; x_wconf 87' lang='lat' dir='ltr'><strong>doch</strong></span> <span class='ocrx_word' id='word_1_363' title='bbox 286 4149 389 4203; x_wconf 89' lang='lat' dir='ltr'><strong>kommt</strong></span> <span class='ocrx_word' id='word_1_364' title='bbox 403 4164 434 4204; x_wconf 91' lang='lat' dir='ltr'><strong>cs</strong></span> <span class='ocrx_word' id='word_1_365' title='bbox 448 4164 499 4204; x_wconf 86' lang='lat' dir='ltr'><strong>vor</strong></span> <span class='ocrx_word' id='word_1_366' title='bbox 514 4149 545 4204; x_wconf 91' lang='lat' dir='ltr'><strong>in</strong></span> <span class='ocrx_word' id='word_1_367' title='bbox 556 4149 609 4205; x_wconf 87' lang='lat' dir='ltr'><strong>den</strong></span> <span class='ocrx_word' id='word_1_368' title='bbox 622 4150 713 4221; x_wconf 83' lang='lat' dir='ltr'><strong>Antiq.</strong></span> <span class='ocrx_word' id='word_1_369' title='bbox 731 4150 889 4206; x_wconf 92' lang='lat' dir='ltr'><strong>consuetud.</strong></span> <span class='ocrx_word' id='word_1_370' title='bbox 902 4149 1122 4207; x_wconf 85' lang='lat' dir='ltr'><strong>Cluuiacensibus</strong></span> <span class='ocrx_word' id='word_1_371' title='bbox 1138 4148 1190 4214; x_wconf 84' lang='lat' dir='ltr'><strong>und</strong></span> <span class='ocrx_word' id='word_1_372' title='bbox 1205 4148 1232 4201; x_wconf 92' lang='lat' dir='ltr'><strong>in</strong></span> <span class='ocrx_word' id='word_1_373' title='bbox 1249 4144 1310 4199; x_wconf 94' lang='lat' dir='ltr'><strong>dem</strong></span> <span class='ocrx_word' id='word_1_374' title='bbox 1321 4144 1367 4198; x_wconf 80' lang='lat' dir='ltr'><strong>lti-</strong></span> 
     </span>
     <span class='ocr_line' id='line_1_38' title="bbox 55 4229 1367 4306; baseline -0.002 -19"><span class='ocrx_word' id='word_1_375' title='bbox 55 4232 110 4288; x_wconf 88' lang='lat' dir='ltr'><strong>tual</strong></span> <span class='ocrx_word' id='word_1_376' title='bbox 125 4231 174 4289; x_wconf 87' lang='lat' dir='ltr'><strong>des</strong></span> <span class='ocrx_word' id='word_1_377' title='bbox 188 4233 227 4289; x_wconf 91' lang='lat' dir='ltr'><strong>St.</strong></span> <span class='ocrx_word' id='word_1_378' title='bbox 243 4231 507 4303; x_wconf 76' lang='lat' dir='ltr'><strong>Eligius··lllosters;</strong></span> <span class='ocrx_word' id='word_1_379' title='bbox 523 4233 557 4289; x_wconf 90' lang='lat' dir='ltr'><strong>da</strong></span> <span class='ocrx_word' id='word_1_380' title='bbox 571 4234 670 4289; x_wconf 89' lang='lat' dir='ltr'><strong>iedoch</strong></span> <span class='ocrx_word' id='word_1_381' title='bbox 685 4235 745 4289; x_wconf 89' lang='lat' dir='ltr'><strong>hier</strong></span> <span class='ocrx_word' id='word_1_382' title='bbox 759 4252 809 4290; x_wconf 89' lang='lat' dir='ltr'><strong>nur</strong></span> <span class='ocrx_word' id='word_1_383' title='bbox 824 4235 868 4290; x_wconf 88' lang='lat' dir='ltr'><strong>die</strong></span> <span class='ocrx_word' id='word_1_384' title='bbox 882 4236 1097 4306; x_wconf 79' lang='lat' dir='ltr'><strong>Auiangsworte</strong></span> <span class='ocrx_word' id='word_1_385' title='bbox 1112 4233 1238 4291; x_wconf 87' lang='lat' dir='ltr'><strong>Libera</strong></span> <span class='ocrx_word' id='word_1_386' title='bbox 1256 4246 1305 4283; x_wconf 90' lang='lat' dir='ltr'><strong>me</strong></span> <span class='ocrx_word' id='word_1_387' title='bbox 1318 4229 1367 4285; x_wconf 86' lang='lat' dir='ltr'><strong>mit</strong></span> 
     </span>
     <span class='ocr_line' id='line_1_39' title="bbox 54 4313 1367 4395; baseline -0.002 -23"><span class='ocrx_word' id='word_1_388' title='bbox 54 4317 145 4372; x_wconf 87' lang='lat' dir='ltr'><strong>ciuem</strong></span> <span class='ocrx_word' id='word_1_389' title='bbox 159 4323 211 4395; x_wconf 85' lang='lat' dir='ltr'><strong>etc.</strong></span> <span class='ocrx_word' id='word_1_390' title='bbox 228 4324 336 4387; x_wconf 81' lang='lat' dir='ltr'><strong>gesetnt</strong></span> <span class='ocrx_word' id='word_1_391' title='bbox 349 4318 479 4389; x_wconf 89' lang='lat' dir='ltr'><strong>werden,</strong></span> <span class='ocrx_word' id='word_1_392' title='bbox 495 4336 566 4376; x_wconf 89' lang='lat' dir='ltr'><strong>muss</strong></span> <span class='ocrx_word' id='word_1_393' title='bbox 579 4336 639 4374; x_wconf 87' lang='lat' dir='ltr'><strong>man</strong></span> <span class='ocrx_word' id='word_1_394' title='bbox 654 4320 814 4391; x_wconf 84' lang='lat' dir='ltr'><strong>sclrliessen,</strong></span> <span class='ocrx_word' id='word_1_395' title='bbox 828 4320 891 4377; x_wconf 87' lang='lat' dir='ltr'><strong>dass</strong></span> <span class='ocrx_word' id='word_1_396' title='bbox 906 4321 977 4377; x_wconf 78' lang='lat' dir='ltr'><strong>asin</strong></span> <span class='ocrx_word' id='word_1_397' title='bbox 992 4320 1053 4377; x_wconf 82' lang='lat' dir='ltr'><strong>dem</strong></span> <span class='ocrx_word' id='word_1_398' title='bbox 1068 4313 1367 4376; x_wconf 84' lang='lat' dir='ltr'><strong>Benedictiner-Ord&#39;eu</strong></span> 
     </span>
     <span class='ocr_line' id='line_1_40' title="bbox 55 4401 1422 4477; baseline 0.004 -20"><span class='ocrx_word' id='word_1_399' title='bbox 55 4401 202 4471; x_wconf 81' lang='lat' dir='ltr'><strong>allgemcin</strong></span> <span class='ocrx_word' id='word_1_400' title='bbox 216 4403 335 4460; x_wconf 85' lang='lat' dir='ltr'><strong>belmunt</strong></span> <span class='ocrx_word' id='word_1_401' title='bbox 349 4420 418 4460; x_wconf 85' lang='lat' dir='ltr'><strong>war.</strong></span> <span class='ocrx_word' id='word_1_402' title='bbox 730 4468 737 4477; x_wconf 50' lang='grc'>,</span> <span class='ocrx_word' id='word_1_403' title='bbox 1421 4413 1422 4417; x_wconf 78' lang='grc'>’</span> 
     </span>
    </p>

    <p class='ocr_par' dir='ltr' id='par_1_11' title="bbox 55 4480 1370 4733">
     <span class='ocr_line' id='line_1_41' title="bbox 119 4480 1366 4562; baseline -0.002 -22"><span class='ocrx_word' id='word_1_404' title='bbox 119 4484 150 4561; x_wconf 83' lang='grc'><strong>3)</strong></span> <span class='ocrx_word' id='word_1_405' title='bbox 165 4486 261 4542; x_wconf 78' lang='lat' dir='ltr'><strong>Multae</strong></span> <span class='ocrx_word' id='word_1_406' title='bbox 270 4488 402 4559; x_wconf 79' lang='lat' dir='ltr'><strong>Agendae</strong></span> <span class='ocrx_word' id='word_1_407' title='bbox 414 4488 542 4562; x_wconf 86' lang='lat' dir='ltr'><strong>proprias</strong></span> <span class='ocrx_word' id='word_1_408' title='bbox 549 4487 718 4559; x_wconf 85' lang='lat' dir='ltr'><strong>Antiphonas</strong></span> <span class='ocrx_word' id='word_1_409' title='bbox 732 4489 877 4561; x_wconf 82' lang='lat' dir='ltr'><strong>adsignant</strong></span> <span class='ocrx_word' id='word_1_410' title='bbox 892 4480 1045 4561; x_wconf 88' lang='lat' dir='ltr'><strong>aspe&#39;rsioni</strong></span> <span class='ocrx_word' id='word_1_411' title='bbox 1060 4495 1089 4544; x_wconf 91' lang='lat' dir='ltr'><strong>ct</strong></span> <span class='ocrx_word' id='word_1_412' title='bbox 1103 4485 1282 4543; x_wconf 90' lang='lat' dir='ltr'><strong>incensatioui</strong></span> <span class='ocrx_word' id='word_1_413' title='bbox 1298 4503 1323 4541; x_wconf 86' lang='lat' dir='ltr'><strong>v.</strong></span> <span class='ocrx_word' id='word_1_414' title='bbox 1341 4499 1366 4538; x_wconf 86' lang='lat' dir='ltr'><strong>c.</strong></span> 
     </span>
     <span class='ocr_line' id='line_1_42' title="bbox 55 4567 1370 4647; baseline 0.003 -19"><span class='ocrx_word' id='word_1_415' title='bbox 55 4567 129 4628; x_wconf 75' lang='lat' dir='ltr'><strong>ltere</strong></span> <span class='ocrx_word' id='word_1_416' title='bbox 144 4570 260 4627; x_wconf 88' lang='lat' dir='ltr'><strong>coelesti</strong></span> <span class='ocrx_word' id='word_1_417' title='bbox 274 4575 418 4647; x_wconf 81' lang='lat' dir='ltr'><strong>perfundat</strong></span> <span class='ocrx_word' id='word_1_418' title='bbox 432 4575 544 4630; x_wconf 86' lang='lat' dir='ltr'><strong>animam</strong></span> <span class='ocrx_word' id='word_1_419' title='bbox 560 4580 632 4630; x_wconf 89' lang='lat' dir='ltr'><strong>tuam</strong></span> <span class='ocrx_word' id='word_1_420' title='bbox 643 4575 732 4630; x_wconf 86' lang='lat' dir='ltr'><strong>Deus:</strong></span> <span class='ocrx_word' id='word_1_421' title='bbox 746 4575 774 4630; x_wconf 92' lang='lat' dir='ltr'><strong>in</strong></span> <span class='ocrx_word' id='word_1_422' title='bbox 789 4576 898 4631; x_wconf 88' lang='lat' dir='ltr'><strong>nominc</strong></span> <span class='ocrx_word' id='word_1_423' title='bbox 910 4575 997 4631; x_wconf 82' lang='lat' dir='ltr'><strong>Patris</strong></span> <span class='ocrx_word' id='word_1_424' title='bbox 1013 4580 1041 4629; x_wconf 88' lang='lat' dir='ltr'><strong>et</strong></span> <span class='ocrx_word' id='word_1_425' title='bbox 1053 4573 1114 4629; x_wconf 82' lang='lat' dir='ltr'><strong>Filii</strong></span> <span class='ocrx_word' id='word_1_426' title='bbox 1129 4579 1157 4626; x_wconf 92' lang='lat' dir='ltr'><strong>et</strong></span> <span class='ocrx_word' id='word_1_427' title='bbox 1169 4570 1284 4643; x_wconf 82' lang='lat' dir='ltr'><strong>Spiritus</strong></span> <span class='ocrx_word' id='word_1_428' title='bbox 1297 4571 1370 4644; x_wconf 53' lang='lat' dir='ltr'><strong>Sauff.</strong></span> 
     </span>
     <span class='ocr_line' id='line_1_43' title="bbox 55 4655 1118 4733; baseline 0.004 -21"><span class='ocrx_word' id='word_1_429' title='bbox 55 4656 102 4713; x_wconf 89' lang='lat' dir='ltr'><strong>cti.</strong></span> <span class='ocrx_word' id='word_1_430' title='bbox 119 4687 162 4699; x_wconf 93' lang='lat'>-</span> <span class='ocrx_word' id='word_1_431' title='bbox 177 4655 270 4716; x_wconf 89' lang='lat' dir='ltr'><strong>Odore</strong></span> <span class='ocrx_word' id='word_1_432' title='bbox 284 4660 400 4719; x_wconf 85' lang='lat' dir='ltr'><strong>coelesti</strong></span> <span class='ocrx_word' id='word_1_433' title='bbox 413 4666 508 4733; x_wconf 69' lang='lat' dir='ltr'><strong>ptsmt</strong></span> <span class='ocrx_word' id='word_1_434' title='bbox 522 4658 638 4721; x_wconf 82' lang='lat' dir='ltr'><strong>animam</strong></span> <span class='ocrx_word' id='word_1_435' title='bbox 652 4660 723 4717; x_wconf 79' lang='lat' dir='ltr'><strong>tuam</strong></span> <span class='ocrx_word' id='word_1_436' title='bbox 738 4661 824 4718; x_wconf 89' lang='lat' dir='ltr'><strong>Deus:</strong></span> <span class='ocrx_word' id='word_1_437' title='bbox 840 4660 869 4717; x_wconf 89' lang='lat' dir='ltr'><strong>in</strong></span> <span class='ocrx_word' id='word_1_438' title='bbox 879 4659 994 4717; x_wconf 86' lang='lat' dir='ltr'><strong>&#39;nominc</strong></span> <span class='ocrx_word' id='word_1_439' title='bbox 1008 4665 1061 4718; x_wconf 85' lang='lat' dir='ltr'><strong>etc.</strong></span> <span class='ocrx_word' id='word_1_440' title='bbox 1076 4685 1118 4701; x_wconf 60' lang='grc' dir='ltr'><strong>-ι</strong></span> 
     </span>
    </p>
   </div>
   <div class='ocr_carea' id='block_1_6' title="bbox 1147 4743 1191 4808">
    <p class='ocr_par' dir='ltr' id='par_1_12' title="bbox 1147 4743 1191 4808">
     <span class='ocr_line' id='line_1_44' title="bbox 1147 4743 1191 4808; baseline -0.045 0"><span class='ocrx_word' id='word_1_441' title='bbox 1147 4743 1191 4808; x_wconf 74' lang='lat'><strong>‘24</strong></span> 
     </span>
    </p>
   </div>
   <div class='ocr_carea' id='block_1_7' title="bbox 0 0 1606 5176">
    <p class='ocr_par' dir='ltr' id='par_1_13' title="bbox 0 0 1606 5176">
     <span class='ocr_line' id='line_1_45' title="bbox 0 0 1606 5176; baseline 0 3"><span class='ocrx_word' id='word_1_442' title='bbox 0 0 1606 5176; x_wconf 95' lang='lat' dir='ltr'><strong> </strong></span> 
     </span>
    </p>
   </div>
  </div>
 </body>
</html>
