3202 5176
816 312 895 402 *altit

299 514 455 590 Psalmus
482 514 542 585 85.
587 508 716 584 lnelina
740 501 887 585 Domine
911 516 1032 584 aurem
1050 518 1145 583 tuam
1168 521 1201 584 ct
1225 509 1352 583 exaudi
1374 518 1432 582 tne
1455 529 1520 582 eto.

301 635 469 706 Dominus
491 629 673 704 vobiscum
700 640 763 703 ιΙι.
787 640 825 703 tlt
848 636 964 728 supra.

299 752 391 825 Ioan
414 751 459 841 V,
484 755 563 822 1-
574 753 632 822 14
672 734 712 821 ln
738 734 798 822 illo
826 756 1001 847 tempore:
1029 749 1112 823 Erat
1139 732 1212 825 dies
1239 720 1350 824 festus
1371 730 1523 837 Iudaeo-

184 880 272 945 rum
299 864 333 926 et
354 855 508 927 ascendit
532 854 631 927 Iesus
651 852 966 949 lerosolymam—
990 854 1056 924 lam
1076 852 1149 925 noli
1171 875 1333 950 peccare,
1355 874 1400 924 ne
1426 853 1523 924 dete

195 952 267 1032 rius
292 957 353 1029 tibi
379 957 507 1053 aliquid
534 960 718 1049 contingat
1515 994 1518 998 -

299 1075 455 1153 Oremus.
509 1076 659 1172 Respice
682 1073 829 1146 Domine
856 1034 1020 1147 famulum
1043 1085 1136 1146 tuum
1163 1076 1197 1144 in
1221 1073 1416 1147 infirmitate
1444 1096 1520 1146 cor-

195 1181 290 1275 poris
318 1181 371 1252 sui
395 1174 622 1264 laborantem,
650 1188 684 1249 et
711 1180 854 1248 animam
877 1158 1002 1249 refove
1025 1199 1124 1272 quam
1148 1179 1290 1264 creasti3
1311 1187 1347 1250 ut
1370 1180 1520 1270 castiga-

195 1281 345 1353 tionibus
365 1281 577 1369 emeudatus,
592 1284 753 1352 continuo
769 1302 808 1353 se
823 1283 946 1353 sentiat
959 1289 1016 1349 tua
1029 1279 1197 1351 medicina
1205 1279 1388 1352 salvatum
1405 1279 1484 1351 Per.
1488 1276 1518 1376 1)

300 1400 457 1474 Psalmus
478 1402 537 1470 90.
594 1397 660 1484 Qui
686 1398 870 1470 habitatin
896 1399 1066 1470 adiutorio
1089 1399 1244 1471 altissimi
1264 1409 1328 1471 eto:

300 1518 456 1594 Oremus
509 1518 733 1639 Omnipotens
768 1521 975 1614 sempiterne
1000 1519 1120 1608 Deus,
1144 1518 1373 1590 infirmitatem
1398 1516 1519 1588 famuli

196 1623 246 1693 tui
275 1624 442 1716 propitius
470 1625 625 1716 respice,
656 1632 757 1715 atque
778 1621 821 1691 ad
844 1621 1095 1715 protegendum
1117 1630 1195 1693 eum
1214 1621 1395 1692 dexteram
1413 1625 1518 1691 maie

196 1726 291 1798 statis
312 1734 392 1794 turae
419 1723 578 1794 extende.
617 1722 717 1894 ᾔει
1120 1776 1123 1781 .

299 1833 454 1914 Completa
467 1836 603 1901 oratione
649 1836 716 1895 tima
730 1832 879 1894 Sacerdos
895 1835 1024 1912 imponat
1038 1833 1190 1895 dexteram
1205 1852 1296 1913 super
1311 1810 1398 1913 caput
1411 1835 1517 1894 infirmi

197 1946 229 1998 at
255 1937 348 1999 dicat:
373 1926 486 2022 Super
513 1949 640 2018 aegros
662 1948 783 1998 manus
809 1929 984 2020 imponent
1011 1936 1045 1996 et
1067 1925 1156 1997 bene
1184 1925 1365 1997 habebunt.
1419 1924 1517 2000 Iesus

195 2029 326 2102 Mariae
347 2028 450 2117 filius,
470 2029 587 2100 mundi
606 2029 699 2102 salus
719 2039 752 2099 et
770 2029 951 2115 Dominus,
970 2030 1100 2102 meritis
1119 2036 1154 2099 et
1170 2032 1421 2102 intercessione
1441 2050 1516 2102 san-

197 2142 331 2203 ctorum
353 2130 614 2225 Apostolorum
627 2152 767 2203 suorum
790 2130 883 2201 Petri
907 2140 940 2200 et
963 2130 1061 2201 Pauli
1081 2140 1116 2202 et
1142 2132 1290 2201 omnium
1311 2128 1518 2215 Sanctorum

196 2237 240 2308 sit
262 2233 321 2305 tibi
344 2234 495 2307 clemens
517 2244 551 2303 et
572 2234 748 2328 propitius.
791 2228 959 2329 Amen.2)

299 2347 407 2408 Postea
422 2347 512 2408 dieat:
535 2336 702 2407 Dominus
721 2333 910 2416 vobiscum.
956 2340 999 2426 lp.
1020 2333 1065 2406 Et
1088 2344 1166 2406 cum
1192 2337 1314 2430 spiritu
1336 2345 1408 2406 tuo.
1451 2332 1517 2406 Ini-

196 2440 280 2510 tium
305 2442 415 2514 sancti
438 2437 623 2531 Evangelii
641 2438 830 2509 secundum
854 2436 1027 2512 loannem.
1068 2443 1111 2530 lp.
1140 2435 1257 2508 Gloria
1276 2437 1516 2510 tibiDomine.

298 2541 391 2613 loun.
420 2540 448 2630 l,
475 2532 620 2611 1414.
675 2538 714 2608 ln
739 2542 907 2634 principio
935 2550 1010 2611 erat
1035 2539 1189 2612 Verbum
1216 2550 1279 2611 ιΙι.
1304 2574 1358 2594 -v
1376 2541 1516 2635 plenum

196 2648 328 2736 gratiae
355 2652 390 2715 et
414 2646 579 2727 veritatis.
625 2647 668 2732 lla
696 2642 773 2712 Deo
802 2644 940 2734 gratias.
951 2639 984 2738 ³)

297 2758 405 2818 Postea
420 2755 601 2816 benedicens
617 2754 760 2814 infirmum
776 2741 935 2832 subiungat
949 2753 1067 2815 dicens:
1089 2741 1290 2816 Benedictio
1307 2744 1375 2816 Dei
1390 2748 1455 2816 el'c.

198 2938 408 2951 *—

260 3049 291 3129 Ι)
304 3050 352 3108 Est
367 3051 487 3107 Sacram
505 3048 588 3121 Gragi
603 3049 838 3107 emendata-
855 3023 1043 3114 salvatam.

262 3153 410 3231 >lugens
430 3163 474 3213 est
490 3155 710 3212 Benedictionum
728 3172 854 3212 numerus
866 3158 920 3228 quo
936 3152 1055 3215 cocleas
1065 3152 1165 3213 medii'
1158 3156 1219 3215 aevi
1236 3156 1413 3228 aegrotorum
1430 3157 1517 3214 saluti

198 3232 352 3298 consulunt
383 3240 534 3312 Singularis
550 3248 635 3297 estea
650 3258 727 3313 quam
743 3241 864 3296 continet
880 3239 948 3296 Cod.
964 3256 1037 3295 saec.
1052 3241 1162 3314 Xapud
1178 3242 1340 3319 Gerbertum
1352 3243 1423 3300 ΙΙοι.
1435 3244 1465 3302 L.
1478 3244 1514 3297 A.

195 3325 229 3380 ΙΙ.
249 3324 337 3396 p30:
354 3326 437 3381 Sanet
453 3332 480 3381 te
493 3327 565 3383 Deus
580 3327 661 3382 Pater
679 3326 851 3398 omnipotens
863 3325 947 3397 quite
959 3326 1078 3396 creavit
1098 3344 1150 3383 nec
1161 3328 1215 3383 ιιιΙ
1227 3328 1276 3385 ΙιΙιι
1288 3326 1408 3384 dolorrn
1421 3326 1515 3398 capite

198 3414 256 3480 tuo',
269 3418 320 3465 uec
332 3409 360 3465 in
372 3410 479 3482 capillis
490 3410 554 3482 tuis,
566 3427 617 3466 nec
630 3410 717 3467 oculis
731 3411 784 3467 tuis
786 3416 895 3491 ,neque
908 3409 934 3464 in
950 3410 1108 3480 pectoribus
1120 3411 1182 3483 tuis,
1192 3429 1245 3468 nec
1256 3412 1283 3468 in
1296 3410 1382 3469 mente
1394 3417 1450 3481 tua,
1462 3428 1516 3466 nee

107 3534 110 3539 »
197 3493 350 3551 inauribus
365 3495 433 3566 tuis,
447 3511 498 3552 nee
512 3497 539 3552 in
552 3496 625 3552 omni
637 3511 757 3568 corpore
772 3502 829 3550 tuo.
853 3495 957 3564 Surge,
969 3494 1053 3566 surge
1064 3488 1194 3571 Domine,
1210 3496 1347 3553 diabolum
1361 3483 1459 3572 lugere
1474 3496 1517 3552 fu*

197 3578 254 3635 olas
271 3585 300 3634 et
310 3579 417 3652 proiice
426 3537 503 3636 ΙΙΙιιιι
515 3581 549 3636 de
561 3582 667 3654 capite,
684 3581 719 3636 de
731 3580 853 3652 capillis,
869 3578 904 3634 de
920 3580 1021 3650 lroute,
1036 3580 1070 3637 de
1084 3582 1181 3653 oculis,
1196 3582 1232 3639 de
1245 3583 1348 3653 lingua,
1362 3581 1397 3637 de
1412 3581 1516 3638 sublln'·

198 3679 264 3735 gua,
276 3663 310 3720 de
322 3670 444 3736 gutture,
457 3665 491 3721 de
503 3665 599 3736 corde,
615 3665 649 3722 de
660 3665 789 3735 humeris,
804 3664 838 3720 de
855 3671 961 3734 ventre,
973 3663 1008 3719 de
1018 3668 1142 3727 omnibus
1153 3667 1299 3732 membris
1292 3668 1379 3724 istius.

261 3766 293 3843 3)
307 3768 425 3838 Agenda
436 3770 551 3829 llonast.
564 3777 627 3842 post
641 3770 844 3842 impositionem
856 3774 979 3826 manuum
990 3769 1046 3838 legi
1058 3769 1222 3840 praescribit
1232 3768 1412 3838 Evangelium
1421 3768 1516 3824 ..blattlr

120 3920 123 3925 ,
199 3853 261 3910 Vlll
278 3854 313 3910 de
335 3870 418 3909 servo
435 3854 617 3911 Centurionis
650 3855 748 3910 l'ostea
764 3854 933 3910 benedicitur
945 3855 1081 3910 Infirmus
1102 3853 1261 3910 Benedictio
1273 3861 1326 3909 etc
1339 3861 1367 3908 ut
1378 3869 1514 3925 supcr-

196 3939 304 3996 llituale
316 3940 336 3995 T
338 3955 477 3995 revirense
498 3937 566 3993 1836
583 3940 707 3995 hortatur
718 3937 884 3996 Sacerdotes
896 3947 924 3995 ut
939 3924 1097 4010 frequenter
1109 3922 1221 3995 visitent
1235 3955 1267 3993 ao
1279 3937 1459 3994 consolentur
1468 3937 1516 3991 lu

194 4025 306 4095 firmos,
323 4032 352 4079 ut
374 4041 409 4079 ex
430 4023 537 4079 lubitu
529 4024 597 4095 ipsis
615 4025 778 4096 praelegunt
793 4024 939 4080 Historiam
952 4022 1106 4093 Passionis,
1126 4031 1171 4079 aut
1190 4022 1292 4094 aliquot
1306 4020 1459 4092 Evangelia
1482 4020 1517 4077 dc

196 4109 314 4167 diversis
332 4127 348 4165 a
366 4108 474 4165 Christo
496 4108 575 4164 laetis
590 4109 746 4173 morborum
762 4108 946 4186 curationibus
962 4108 1124 4180 praesertim
1136 4116 1251 4180 quatuor
1263 4105 1436 4177 Evangelia
1429 4123 1456 4161 un
1469 4106 1517 4161 lti-

195 4193 261 4249 tatu
270 4192 391 4249 Romano
404 4193 550 4265 descripta.
577 4193 621 4249 Uti
637 4194 719 4268 etiam
732 4193 835 4266 poterit
850 4193 986 4250 Steerdos
998 4193 1127 4249 brevibus
1140 4200 1168 4248 et
1178 4193 1255 4265 quast
1269 4188 1438 4248 laeulitorlis
1449 4208 1517 4263 pre-

196 4276 289 4345 cibus,
302 4278 450 4334 vernaculo
464 4275 591 4334 sermone
603 4279 780 4350 conscriptis,
796 4282 865 4351 quie
876 4279 1013 4351 pertinent
1025 4277 1058 4333 ad
1070 4274 1159 4334 aotam
1172 4277 1250 4349 idei,
1261 4279 1330 4350 spei,
1346 4275 1449 4331 amoris
1460 4279 1516 4335 ιιι
1550 4279 1554 4286 ’

196 4359 305 4417 lloneru
320 4367 480 4432 aegrotump
494 4369 523 4418 ut
538 4361 572 4417 ad
588 4362 768 4420 bedtlssimam
780 4362 923 4434 Virginem
938 4364 1065 4434 llariain,
1083 4362 1218 4434 Angelum
1232 4362 1374 4419 custodem
1388 4359 1519 4433 aliosqde

195 4450 308 4501 amotos
320 4444 454 4503 Patronos
466 4452 526 4502 eum
541 4447 613 4503 omni
630 4447 727 4504 liduoia
740 4448 881 4504 recurrat:
897 4452 999 4504 nomen
1014 4456 1080 4504 tero
1096 4449 1292 4505 sanctissimum
1303 4442 1374 4515 lesu,
1386 4443 1462 4517 quod
1474 4454 1521 4503 est

111 4546 115 4555 ·
195 4534 277 4600 snper
295 4544 375 4585 omne
389 4542 501 4601 nomeu,
520 4530 654 4588 luvoeare
662 4531 717 4603 ipsi
729 4532 877 4604 praecipue
892 4533 1105 4613 commendabit:
1120 4538 1172 4588 nee
1187 4533 1257 4589 enini
1269 4531 1342 4589 anto
1356 4529 1459 4587 nbblerr'
1474 4536 1520 4588 est

194 4613 244 4668 sub
259 4613 340 4670 coelo
352 4613 443 4672 datum
455 4616 618 4687 bominibus,
628 4617 656 4672 in
671 4631 726 4688 quo
739 4623 865 4689 oporteat
878 4634 929 4675 nos
944 4619 1036 4674 salvos
1051 4617 1120 4673 lteris
