3202 5176
776 333 852 405 420

158 531 254 595 lexas
267 532 401 594 ineenset
410 527 640 606 Smmmeutum,
655 536 714 590 tuuu
726 527 874 591 biaeouus
887 524 1046 590 exnrbm
1059 523 1188 590 culleum
1201 543 1267 588 euru
1277 527 1465 593 Saeuumeuto

156 635 198 698 de
216 634 334 716 capsula
358 632 406 695 dat
427 634 463 696 ad
476 650 577 694 marus
593 630 763 693 Sacerdotis
776 639 808 693 et
820 628 1142 708 tegit-extrenitutibus
1153 628 1233 707 veli,
1253 647 1315 710 qun
1328 629 1467 693 lunuueros

158 739 237 800 illius
250 736 427 814 eimundut,
447 744 478 797 et
489 733 655 817 procedunt
669 732 789 812 ordine,
802 752 861 814 quo
874 740 1038 809 venerunt,
1056 731 1190 794 defertur
1201 731 1408 794 buliuebiuum
1420 751 1467 796 sn·

157 857 215 922 per
226 840 446 903 Sacramentum
460 846 492 900 et
505 837 563 899 duo
577 835 717 914 deoiytbi
730 853 795 898 euru
806 834 963 897 thuribulis
981 836 1120 897 nostiuue
1134 835 1355 897 Sumarueutum
1367 837 1467 898 lunen·

155 951 222 1004 suut
242 942 359 1003 interim
378 939 672 1018 oaututurdiyuunus:
700 927 839 1001 Vexilla
859 930 954 1022 regis
972 926 1151 1023 prodeunt
1176 962 1179 969 ·
1195 935 1269 1000 Gonu
1280 939 1403 1000 uenerit
1413 940 1466 1002 Sa·

156 1044 263 1107 eerdos
277 1043 444 1122 additare,
465 1043 563 1124 posito
577 1060 667 1124 super
679 1040 749 1103 illud
764 1038 863 1102 (iulioe
876 1038 1051 1129 genuflexus
1065 1038 1327 1102 rers'uurineeuaat
1338 1049 1371 1103 et
1384 1058 1465 1104 reue

158 1147 231 1209 dens
250 1145 374 1228 deponit
385 1144 516 1208 lios'tluur
541 1162 580 1206 ex
594 1143 692 1206 Callon
711 1160 803 1225 super
821 1150 956 1224 putenam
982 1158 1066 1222 quam
1079 1141 1228 1204 Diaeouus
1247 1151 1332 1205 tenet
1346 1151 1376 1205 et
1389 1146 1465 1206 neei-

153 1249 241 1330 pieus
260 1257 395 1329 patenam
415 1248 453 1312 de
465 1264 550 1308 mauu
563 1246 705 1325 Diueoui,
725 1245 855 1307 iloutim
869 1262 980 1307 sueram
992 1245 1077 1325 ponit
1089 1262 1180 1326 super
1196 1245 1374 1326 corporale,
1395 1247 1465 1309 uibil

153 1350 267 1414 diosus.
307 1351 339 1412 Si
351 1351 487 1428 tetigerit
500 1350 735 1428 Sacramentum,
752 1347 865 1426 digitos
878 1346 1018 1410 abluutlu
1035 1347 1134 1428 aliquo
1147 1364 1229 1409 ruse
1261 1347 1385 1410 iuterim
1398 1349 1462 1411 bia

156 1470 248 1514 nouus
260 1453 384 1533 imponit
395 1453 494 1512 uiuum
505 1452 538 1512 iu
549 1450 680 1514 Culicem
695 1448 939 1514 etSubdlauouus
952 1449 1064 1531 ipssa
1076 1467 1164 1530 wrm
1173 1449 1325 1512 Sacerdos
1338 1466 1398 1514 uon
1411 1451 1461 1513 be·

152 1553 265 1617 nedioit
278 1572 335 1615 nee
350 1554 421 1616 dleit
432 1571 523 1634 super
536 1570 599 1617 eam
616 1553 787 1621 Orationem
800 1561 981 1632 neumatum,
995 1550 1050 1615 sed
1065 1553 1215 1633 recipiens
1226 1551 1357 1615 culinen
1370 1554 1460 1616 ullia-

155 1674 243 1734 eouo,
259 1657 343 1737 pouit
355 1674 444 1737 super
458 1655 561 1718 ditare
575 1656 648 1718 nibil
663 1656 779 1719 diosus:
798 1665 830 1719 et
842 1655 991 1718 iiiaoouus
1003 1655 1085 1717 illum
1099 1655 1236 1736 oooperit
1248 1654 1342 1736 pullu:
1356 1655 1461 1719 deiude

152 1759 278 1840 imponit
292 1759 443 1821 iuoeusnuu
456 1760 488 1821 in
504 1758 654 1821 tburibnlo
669 1759 781 1841 ubsque
796 1758 1005 1823 benedictione
1016 1766 1047 1818 et
1061 1759 1195 1819 ineenset
1208 1756 1311 1820 obluta
1321 1758 1460 1822 etdltsre

151 1858 1459 1943 moresolitn,genufleetensuuteetpost,etquandoouuquetranuitauteSaurrneutum

256 1961 327 2025 cun
342 1964 474 2028 iuoeusut
487 1963 596 2043 oblata,
609 1964 696 2026 dioit:
720 1953 901 2028 lucentium
919 1954 1010 2026 istud
1030 1971 1086 2024 ete
1125 1960 1345 2025 iluuu'inueusut
1357 1962 1458 2026 ditare

152 2063 239 2129 dioit:
264 2055 439 2148 Diriguiur
466 2056 613 2129 Domine
640 2060 751 2129 oratio
769 2075 828 2127 ete.
869 2064 993 2141 Quando
1013 2064 1110 2126 reddit
1128 2064 1310 2126 tburibuluru
1325 2065 1454 2127 Diueono

151 2164 237 2228 diuit:
264 2155 443 2230 Accendant
460 2161 496 2230 in
516 2157 615 2232 nobis
634 2177 692 2232 ete.
731 2167 769 2229 lit
787 2169 853 2248 lpse
876 2185 937 2229 uou
958 2169 1137 2229 incensatur.
1176 2166 1285 2229 Postea
1296 2167 1456 2248 dionanto·

149 2267 211 2331 ium
227 2275 310 2330 extra
324 2269 427 2351 ditare
445 2270 476 2332 in
494 2288 588 2332 norun
601 2268 753 2352 Epistulae
773 2269 852 2331 iurat
863 2287 964 2331 munus
977 2270 1050 2331 nihil
1064 2269 1182 2348 diceus,
1200 2268 1456 2332 deindehuaedio

145 2370 261 2432 ditaris
274 2372 447 2469 inclinatus,
466 2374 574 2435 iuuetis
588 2374 721 2435 manibus
735 2372 820 2436 dieii:
837 2361 877 2434 ln
894 2365 1013 2460 spiritu
1033 2362 1228 2437 humilitatis
1241 2379 1299 2435 eto.
1343 2372 1456 2434 Deinde

148 2490 254 2535 uersus
274 2473 310 2536 ad
323 2474 463 2556 pipulum
476 2477 506 2536 iu
520 2494 612 2538 ooruu
626 2474 781 2554 Evangelii
796 2474 868 2538 dluit
882 2492 965 2536 more
977 2474 1085 2537 solito:
1111 2463 1217 2537 Orate
1234 2474 1302 2536 eto.
1347 2474 1388 2537 lit
1403 2493 1456 2557 per

132 2592 213 2657 ..qun
225 2577 302 2638 uiam
316 2578 475 2640 reuertitur
487 2595 549 2641 nou
563 2579 720 2660 perliniens
734 2578 877 2639 oiroulu·
887 2586 917 2639 et
930 2587 1149 2658 cousequenter
1161 2577 1280 2639 omissis
1291 2577 1362 2639 aliis
1371 2577 1456 2646 dieit3

141 2664 312 2744 '0remusr
335 2668 532 2768 Praeoeptis
553 2671 756 2746 salutaribus
776 2689 833 2742 ete.
872 2670 975 2742 Pater
988 2681 1107 2744 noster
1118 2689 1176 2743 ete.
1211 2679 1250 2740 iit
1265 2679 1369 2742 eudem
1383 2699 1457 2743 voee

147 2780 284 2843 absolute
302 2782 368 2844 sine
389 2772 534 2848 Oremus
556 2785 586 2844 lu
607 2793 679 2845 tono
700 2783 850 2846 Orationis
871 2781 977 2844 blissae
998 2782 1111 2844 leriulis
1134 2782 1221 2845 dioit:
1247 2771 1456 2848 Libertinos

149 2894 353 2967 quaesumus
374 2875 521 2947 Domine
540 2895 596 2947 eto.
620 2895 649 2947 et
662 2905 720 2947 uon
735 2887 880 2963 signatae
893 2894 1009 2965 patena.
1048 2885 1131 2946 Tune
1144 2883 1306 2947 Celebrant
1318 2876 1399 2949 lenta
1411 2905 1455 2949 re·

146 2986 282 3048 verentia
294 3003 388 3065 nsque
400 2986 436 3046 ad
451 2994 559 3048 terram
573 2988 713 3069 supponit
724 2996 859 3068 patenum
873 2988 1081 3065 sacramento,
1106 2987 1225 3070 quadiu
1242 2987 1368 3050 dextera
1382 2990 1455 3050 eooi-

146 3086 233 3167 piens
252 3086 353 3149 eleuat
368 3096 400 3148 ut
419 3087 513 3149 rideri
532 3090 627 3170 possit
647 3106 665 3149 a
684 3089 796 3170 populo
817 3097 848 3150 et
867 3091 964 3151 statim
983 3108 1072 3170 supra
1084 3089 1214 3155 calicem
1230 3089 1338 3153 diuidit
1351 3093 1381 3153 iu
1395 3099 1455 3153 tres

145 3197 262 3270 partes,
289 3207 410 3271 quanm
432 3188 561 3252 ultimam
583 3193 670 3252 mittit
693 3193 722 3253 iu
742 3190 871 3254 Galieem
896 3209 978 3256 more
995 3192 1105 3270 solito,
1131 3193 1204 3255 nibil
1225 3193 1339 3255 diuers.
1380 3182 1454 3257 Pax

144 3281 244 3352 Dom.
260 3309 320 3354 uon
337 3291 443 3354 dieitur
455 3310 513 3354 neo
525 3283 648 3377 Agnus
662 3283 749 3371 Dei,
769 3312 867 3375 neque
879 3296 962 3376 paeis
982 3295 1113 3357 oseulum
1127 3286 1219 3356 detur.
1253 3294 1450 3357 'Pommoduns

145 3394 359 3474 praetermissis
374 3393 483 3457 duabus
498 3396 599 3477 primis
615 3394 821 3475 Orationibus,
842 3378 913 3459 siluit
930 3405 1040 3458 tautum
1055 3406 1243 3479 sequentem:
1269 3387 1447 3485 Percepilo

145 3480 309 3581 Corporis
324 3506 380 3559 eto.
411 3498 483 3573 'l'nm
494 3496 669 3577 genuflectit
682 3509 713 3562 et
725 3500 834 3579 aoeipit
846 3509 981 3580 putenam
997 3518 1061 3562 eum
1076 3498 1212 3582 Corpore
1227 3498 1339 3563 Christi
1353 3509 1383 3562 et
1394 3517 1450 3562 ruu-

138 3599 221 3659 uium
239 3598 400 3663 bumilitate
413 3603 626 3665 aereaereutla
640 3602 724 3666 dioit:
750 3593 880 3666 Panem
900 3592 1087 3671 coelestem
1107 3612 1164 3667 ete.
1203 3602 1451 3685 Pereutitpeotuu

142 3716 227 3761 suun
241 3699 420 3768 terdioeus:
433 3693 578 3766 bomine
588 3714 660 3765 non
673 3716 748 3769 sum
759 3694 882 3787 diguus
895 3712 951 3768 ete
979 3705 1088 3767 Postea
1099 3705 1450 3784 siguatsefluerumeute,

127 3800 260 3904 ¹silenus:
284 3790 418 3891 (lou-pus
436 3795 573 3868 Domini
593 3801 702 3872 nostri
721 3816 778 3868 ete.
813 3805 852 3869 Et
872 3808 960 3869 sumit
973 3794 1088 3888 comus
1108 3816 1295 3870 reverenter.
1335 3807 1450 3870 vende

141 3905 259 3968 omissis
282 3905 416 3969 omuibus
436 3927 510 3990 quae
526 3908 584 3972 diei
597 3909 694 3972 solent
712 3918 780 3971 ante
793 3911 968 3971 sumtionem
983 3911 1159 3990 Sanguinis,
1181 3909 1350 3974 immediate
1363 3911 1449 3992 perti·

1 4039 3 4044 ·
139 4008 234 4071 oniam
248 4007 370 4072 Hostiae
390 4029 456 4072 euru
475 4013 544 4075 uino
565 4022 740 4076 reverenter
760 4014 847 4074 sumit
861 4012 898 4075 de
908 4011 1016 4075 Colice
1042 4011 1448 4080 Etmoreeolitulaotaublu·

139 4112 222 4173 none
235 4111 394 4191 digitorum
408 4122 439 4175 et
455 4123 548 4178 sumtu
560 4116 766 4196 puuu'lieutione
777 4114 807 4177 in
820 4115 918 4177 medlo
931 4113 1041 4178 ditaris
1054 4116 1226 4194 molimatur,
1239 4115 1377 4179 nauibus
1390 4118 1450 4178 iun·

139 4214 195 4274 etis
211 4213 295 4277 nteit:
309 4203 411 4291 Quod
426 4227 489 4280 ore
501 4211 680 4283 sumsimus
693 4208 839 4281 Domine
852 4226 911 4279 ete.
934 4217 1000 4279 Non
1014 4218 1121 4281 uiuitur
1133 4207 1268 4305 Corpus
1280 4217 1379 4281 tuum
1393 4227 1448 4281 ste

136 4314 438 4382 neel’ostoommuuio
452 4338 508 4382 neo
521 4309 659 4383 Placeat
674 4310 747 4401 tibi,
761 4338 817 4381 nee
830 4318 1108 4400 daturlieuedietio,
1123 4320 1266 4384 sedimen
1278 4322 1447 4384 reverentia

137 4415 232 4579 dAlteri
246 4418 392 4485 Sacerdos
412 4442 476 4485 ouuu
489 4422 627 4487 ministris
641 4422 766 4486 discedit
779 4431 809 4484 et
822 4422 958 4487 dieantur
969 4422 1121 4508 vesperae
1133 4426 1199 4488 siue
1212 4432 1299 4487 eautu
1315 4433 1346 4486 et
1361 4424 1447 4487 denu-

157 4528 222 4582 atar
234 4521 345 4585 ditare.

683 4660 905 4672 m-
