3202 5176
813 349 889 422 314

194 537 357 612 obducito
383 535 562 608 cicatrices
588 541 730 608 veteres
754 536 1008 633 immensasque
1033 554 1179 606 remove
1202 535 1405 629 passiones:
1440 556 1520 606 car·

194 644 248 714 nis
267 662 308 710 ac
323 639 497 730 sanguinis
515 639 690 708 materiam
703 635 856 708 reforma
871 638 1143 732 delictorumque
1162 647 1362 708 cunctorum
1369 637 1518 709 'veniam

192 741 323 815 tribue:
346 743 466 832 sicque
486 739 582 811 illum
606 749 664 810 tna
686 741 796 834 pietas
818 743 945 831 iugiter
971 739 1159 828 custodiat.
1182 750 1220 810 ιιι
1244 761 1311 810 neo
1326 738 1374 810 ‘ad
1394 760 1516 810 corre-

146 841 149 847 ’
192 847 345 940 ptionem
373 841 556 936 aliquando
580 844 706 915 sanitas
732 863 798 913 nec
821 842 863 912 ad
882 839 1110 937 perditionem
1132 863 1237 960 nuno,
1259 852 1293 911 te
1312 841 1516 931 auxiliante,

193 945 359 1042 perducat
385 942 581 1033 infirmitas
609 943 670 1016 sed
694 941 752 1013 bat
781 943 832 1014 illi
857 943 944 1015 haec
971 943 1040 1014 olei
1063 946 1154 1016 sacri
1177 946 1379 1038 perunctio
1401 943 1517 1014 morbi

194 1057 229 1120 et
250 1047 428 1167 languoris
446 1048 638 1142 praesentis
664 1045 823 1141 expulsio
851 1056 954 1141 atque
977 1051 1206 1179 peccatorum
1226 1048 1376 1117 omnium
1387 1055 1515 1143 optata

190 1151 369 1222 remissio..
371 1145 402 1244 1)
488 1190 491 1195 -

298 1259 439 1340 Sequitur
453 1257 535 1320 Ordo
549 1257 584 1319 ad
600 1258 868 1320 communicandum
884 1258 1041 1321 Iudrmum

712 1461 969 1475 ——uu--n—-q—

192 1651 263 1730 111.
295 1651 423 1726 onoo
450 1650 516 1723 no
543 1634 851 1723 INUNGENDUM
869 1650 1100 1724 ιιιιιιιιιιιι
1121 1652 1187 1725 ux
1213 1653 1404 1728 monum
1429 1656 1513 1729 nu-

510 1752 727 1827 ousmno
754 1752 884 1825 nuno
913 1756 1011 1827 1587
1037 1755 1190 1841 norro.
1463 1798 1468 1806 .

296 1937 423 2011 Primum
441 1934 582 2009 sacerdos
596 1933 633 1995 ad
648 1934 792 1995 infirmum
809 1935 922 2010 iturus,
937 1935 1080 1997 iubentia
1095 1936 1183 1998 domo
1197 1938 1262 1998 eius
1273 1955 1406 1998 mensam
1420 1918 1510 1999 bone-

192 2048 240 2102 ιιι
263 2037 435 2119 praeparari
450 2080 460 2113 ‚
480 2039 546 2115 ipsc
567 2055 641 2097 vero
656 2035 799 2096 decenter
813 2039 939 2098 vestitus
953 2038 1173 2118 superpelliceo
1193 2048 1223 2100 et
1235 2048 1357 2120 accepta
1370 2040 1449 2101 stota
1464 2058 1511 2100 so·

193 2149 252 2202 mat
265 2141 296 2199 iu
309 2158 411 2200 manus
424 2136 523 2199 oleum
538 2137 735 2198 benedictum.
769 2137 833 2216 Nec
846 2139 927 2200 solus
942 2141 1077 2219 prodeat,
1092 2140 1146 2202 sed
1160 2141 1306 2202 aedituum
1321 2142 1431 2202 babeat
1445 2160 1510 2202 curn

192 2243 303 2304 lumine
324 2239 553 2321 praecedentem
577 2249 606 2300 et
625 2240 703 2299 inter
727 2240 852 2300 eundum
871 2259 910 2302 ex
931 2242 1051 2321 psalmis
1066 2242 1177 2323 aliquid
1191 2230 1351 2334 recitet.²)
1393 2242 1510 2305 Deinde

193 2363 258 2407 oum
269 2345 389 2420 aegroti
404 2343 520 2404 domum
534 2341 624 2402 inerit
639 2342 809 2420 ingressus,
827 2343 868 2403 ita
882 2342 973 2405 dieat:

294 2436 370 2507 Pax
388 2436 467 2507 huic
489 2435 607 2506 domui
628 2443 663 2505 et
685 2433 841 2508 omnibus
864 2435 1091 2511 habitantibus
1111 2439 1147 2508 iu
1167 2458 1218 2507 ea.
1262 2435 1417 2508 Benedic
1438 2435 1509 2508 Do-

190 2541 281 2610 mine
304 2539 442 2610 domum
468 2540 567 2610 istam
590 2547 625 2609 et
652 2558 771 2607 omnes
798 2536 988 2612 habitantes
1010 2535 1048 2609 in
1069 2561 1123 2629 ca,
1145 2542 1188 2614 sit
1208 2541 1244 2610 iu
1262 2541 1453 2614 easanitas
1475 2547 1509 2610 et

190 2643 371 2731 sanctitas,
398 2639 504 2730 fides.
528 2662 608 2735 spes
630 2648 665 2710 et
690 2641 824 2712 caritas.

293 2753 370 2814 Hinc
388 2771 422 2813 ae
436 2753 560 2831 recipiat
574 2750 611 2811 ad
624 2750 720 2811 locum
736 2750 910 2826 honestum,
930 2749 980 2825 ubi
995 2769 1096 2811 mensa
1110 2751 1168 2812 erit
1181 2752 1334 2830 instructa,
1347 2750 1447 2814 lumen
1461 2767 1507 2811 ac·

192 2872 313 2915 censum
334 2861 364 2913 et
384 2872 457 2913 crux
477 2855 575 2931 posita
590 2853 770 2931 incipiatque
783 2853 911 2912 recitare
924 2861 1038 2931 septem
1051 2850 1183 2914 Psalmos
1198 2853 1429 2934 poenitentiales
1442 2871 1507 2914 curu

189 2954 391 3035 Antiphone,
415 2953 471 3012 nisi
491 2962 606 3041 partem
621 2953 738 3013 illorum
753 2954 809 3013 iarn
824 2962 910 3013 antea
925 2954 953 3013 iu
968 2953 1080 3034 templo
1094 2953 1142 3014 vel
1157 2954 1187 3015 in
1202 2956 1309 3016 itinere
1324 2956 1507 3019 recitaverit.

292 3047 414 3118 Paolm.
467 3045 614 3117 Domine
639 3066 685 3115 ne
711 3048 746 3115 in
767 3044 896 3116 furore.
948 3048 1024 3119 Ant.
1065 3044 1158 3119 Sana
1180 3070 1234 3119 me
1254 3046 1401 3119 Domine
1423 3069 1507 3142 quo-

190 3151 281 3221 niam
309 3146 510 3220 conturbata
538 3157 615 3220 sunt
646 3168 726 3220 ossa
752 3169 830 3217 mea
857 3157 892 3218 et
921 3151 1032 3219 anime
1058 3170 1136 3218 mea
1157 3147 1291 3221 turbata
1313 3159 1367 3222 est
1388 3149 1507 3239 rude,

164 3243 254 3331 ¹sed
275 3259 312 3319 tu
336 3249 483 3320 Domine
503 3259 711 3320 convertere
731 3258 767 3319 et
787 3252 883 3344 eripe
905 3253 1049 3320 animam
1071 3272 1191 3338 meam.
1239 3248 1364 3324 Psatm
1405 3249 1506 3321 Beati

113 3402 116 3406 -
189 3334 351 3448 qu'orum
354 3347 529 3423 remissae.
582 3341 662 3424 Ant.
690 3350 775 3423 Erat
798 3349 934 3444 quidam
954 3351 1110 3442 regulus,
1133 3354 1229 3426 cuius
1250 3351 1338 3427 iilius
1356 3349 1506 3425 infirma-

104 3512 112 3525 .
189 3451 288 3525 batur
313 3451 557 3548 Capharnaum.
610 3452 675 3524 Hic
702 3475 778 3524 cum
791 3452 974 3543 audisset.
998 3456 1075 3548 quia
1101 3452 1199 3529 lesus
1226 3456 1390 3526 veniret
1381 3476 1417 3524 ιιι
1438 3449 1507 3525 Ge-

189 3553 344 3627 lilaeam.
335 3555 510 3647 ·rogabat
530 3576 609 3626 eum
627 3566 665 3627 ut
686 3553 914 3630 descenderet
935 3565 968 3627 et
988 3565 1125 3659 sanaret
1144 3555 1301 3628 filium
1270 3579 1354 3631 erus
1381 3556 1506 3630 Paclm.
1552 3604 1556 3610 ,

129 3669 144 3710 ‘·
177 3654 345 3727 ‘Domine
356 3679 400 3728 ue
421 3660 456 3727 in
477 3656 605 3728 furore
645 3637 722 3730 Aut.
750 3657 911 3745 Domine,
933 3679 1019 3752 puer
1039 3643 1137 3731 meus
1159 3661 1277 3732 iacet
1268 3681 1303 3729 m
1323 3657 1426 3730 domo
1434 3681 1506 3755 pa·

187 3757 354 3852 ralytious
381 3767 415 3829 et
437 3738 527 3851 male
552 3769 740 3853 torquetur.
799 3758 914 3830 Amen
942 3759 1018 3830 dico
1044 3758 1105 3830 tibi
1131 3783 1198 3853 ego
1226 3762 1363 3834 veniam
1386 3770 1421 3831 et
1448 3783 1506 3831 cn-

187 3857 272 3931 raho
297 3881 384 3931 eum.
411 3846 497 3932 Peul
482 3862 534 3932 lm,
550 3858 729 3934 Miserere
743 3883 811 3931 mer
801 3863 922 3934 Deus
936 3861 1124 3934 secundnm
1137 3884 1308 3955 magnum.
1341 3863 1418 3936 Aut.
1437 3857 1507 3934 cor

187 3963 369 4032 contritum
396 3971 431 4031 et
450 3961 660 4033 humiliatum
677 3962 773 4037 Deus
793 3983 865 4034 nou
885 3962 1074 4058 despicies,
1103 3964 1165 4037 sed
1185 3974 1327 4061 propter
1345 3985 1507 4057 magnam

151 4110 155 4116 -
185 4061 456 4136 misericordiam
474 4075 566 4136 tuam
584 4067 845 4137 misereremei
871 4065 993 4139 Paulm
998 4065 1161 4138 Domine
1177 4065 1312 4138 exaudi.
1336 4067 1413 4139 Aut.
1433 4065 1506 4137 Do-

248 4279 278 4359 1)
292 4283 387 4341 Exstat
399 4282 519 4341 Oratio
510 4301 538 4340 m
549 4282 592 4344 ut.
608 4289 635 4341 et
647 4284 720 4340 Rem.
734 4284 784 4340 sed
795 4284 965 4342 desideratur
976 4286 1050 4358 quod
1060 4285 1273 4360 superscriptum
1286 4293 1329 4343 eat
1339 4285 1367 4342 iu
1381 4285 1505 4344 Titiano·

184 4366 326 4440 impositio
338 4384 468 4424 manuum.

245 4448 276 4525 )
290 4451 406 4522 Agenda
421 4454 541 4522 itiogrrut.
560 4449 638 4506 151³.
667 4450 766 4506 Veniat
777 4451 914 4509 Sacerdos
924 4469 992 4536 ‘cum
1012 4454 1077 4511 oleo
1096 4452 1178 4511 sacro
1194 4454 1243 4510 et
1235 4469 1355 4511 incensu
1392 4452 1486 4510 Oret'
1477 4469 1506 4509 m

184 4534 416 4596 viavilt’salmos
429 4533 648 4608 poenitentiales,
660 4534 684 4590 si
699 4535 743 4591 via
755 4536 903 4608 longeest,
915 4522 1047 4609 usquead
1059 4537 1166 4596 domum
1177 4538 1223 4596 vel
1234 4530 1415 4596 catalectum.
1429 4535 1506 4596 Con·
1564 4540 1567 4545 '
1588 4578 1592 4586 .

143 4616 155 4635 ⁸
184 4619 303 4675 sentiunt
316 4619 448 4690 Agendae
460 4620 534 4691 diog.
550 4634 594 4679 ao.
606 4619 685 4707 1551.Ι
700 4618 779 4676 1582.
794 4621 861 4676 1671
878 4615 986 4685 editae,
1041 4642 1043 4647 ·
1149 4656 1157 4670 ·
