3202 5176
712 327 718 337 ·
746 300 769 368 5

87 490 125 557 ’4.
180 491 301 571 (Editio
326 509 407 554 uoou
439 489 541 556 Goion.
571 487 656 556 1675
687 501 718 554 et
750 484 908 574 saepius).
960 492 1137 557 Continetur
1166 495 1296 558 Sacram.
1343 496 1416 560 Gre-

95 597 194 676 gorii,
231 597 375 658 coodicc
405 594 578 658 Coloniensi
600 595 779 676 descriptum
799 605 882 657 tomo
910 598 1050 659 secundo.
1112 599 1247 660 Alterum
1276 600 1416 679 liturgiae

95 696 271 779 Gregoriani
301 699 435 760 codicem
460 698 631 760 Vaticanum
654 698 805 778 evulgavit
825 695 958 777 Angelus
977 699 1096 777 Roccu,
1118 701 1237 763 Ordinis
1265 703 1296 764 S.
1315 703 1416 782 Augo-

95 802 180 881 stini,
203 798 360 882 apostolici
377 801 478 882 palatii
496 802 641 880 Sacrista,
662 801 692 862 in
707 801 844 862 editione
866 802 996 882 Operum
1010 804 1040 863 S.
1056 803 1194 881 Gregorii
1213 800 1312 868 1597.
1334 805 1417 870 Tum.

10 956 17 969 .
94 903 171 965 Vlll.
198 902 315 965 Tertius
338 901 424 982 liupo
438 901 620 981 Metaurum,
636 904 667 967 S.
682 903 835 966 Benedicti
856 888 1036 983 monachus,
1057 907 1133 967 eruit
1153 906 1417 969 Sacramentarium

99 1024 117 1067 e
137 1007 305 1068 membrana
329 1008 502 1068 monasterii
523 1006 696 1069 (laubiensis
717 1008 748 1068 S.
770 1006 880 1085 Eligii,
906 1006 980 1069 alios
1003 1008 1122 1069 codices
1142 1008 1298 1091 editosque
1320 1011 1414 1070 libros

95 1108 260 1188 consuluit,
280 1109 513 1171 doctissimarum
540 1109 759 1171 adnotationum
787 1102 901 1190 copiam
926 1109 1082 1190 adspersit.
1128 1110 1220 1174 Paris.
1250 1100 1343 1174 1642.
1385 1107 1415 1171 4.
1517 1136 1522 1145 ¹

94 1211 203 1273 lterum
226 1230 284 1272 una
312 1231 376 1272 cum
397 1211 527 1272 Scholiis
551 1213 587 1273 Α.
613 1212 732 1273 Roccae
754 1212 866 1274 dedere
889 1221 1002 1274 textum
1032 1221 1062 1274 ct
1085 1223 1171 1275 notas
1199 1213 1330 1275 Menardi
1359 1213 1419 1299 Pl’.

94 1314 280 1375 benedictini
304 1333 322 1374 c
344 1316 580 1393 congregatione
601 1316 632 1375 S.
654 1313 748 1375 Mauri
767 1314 836 1392 (vel
862 1317 976 1376 rectius
998 1315 1160 1394 Dionysius
1180 1316 1417 1378 Sammarthanus

94 1415 182 1478 Prior
207 1416 343 1478 abbatiae
369 1418 401 1477 S.
424 1416 581 1494 Germani)
608 1419 637 1477 in
664 1436 741 1483 nova
766 1419 898 1479 editione
921 1406 998 1499 Opp.
1027 1418 1175 1497 Gregorii.
1209 1421 1301 1480 Paris.
1324 1414 1417 1482 1705.

95 1517 176 1580 Tum.
193 1518 242 1579 tlt
260 1538 290 1598 p.
306 1514 452 1580 1-647.
504 1519 565 1580 Sed
586 1521 842 1582 Sacramentcrum
864 1520 953 1581 biber
971 1520 1119 1599 Gregorio
1140 1532 1334 1599 accensetur,
1356 1514 1416 1583 ndu

93 1618 173 1702 quod
194 1622 305 1701 primus
325 1623 418 1701 ipsius
435 1623 526 1683 luerit
544 1640 670 1701 parens,
689 1622 741 1684 sed
762 1624 840 1704 quod
855 1642 965 1685 summa
985 1642 1054 1685 cura
1072 1624 1226 1686 meliorem
1246 1625 1417 1686 informem

94 1723 259 1800 redegerit.
280 1723 387 1784 Narrat
400 1725 478 1783 enim
500 1720 675 1783 Gennadius
693 1724 731 1783 de
745 1725 855 1802 Script.
870 1725 945 1784 eccl.
960 1742 986 1784 c.
1000 1720 1066 1802 94,
1085 1722 1238 1785 Gelasium
1259 1726 1416 1805 scripsisse

94 1833 237 1885 tractatus
252 1824 656 1905 diversarumscripturarum
677 1834 709 1886 et
735 1824 991 1886 sacramentorum
1018 1827 1118 1887 limato
1141 1845 1297 1898 sermone;
1323 1845 1414 1906 porro

92 1925 226 1988 louuues
237 1924 416 1989 Dmcouus
407 1947 437 1988 ιιι
454 1927 520 1989 Vota
540 1928 570 1988 S
586 1926 726 2005 Gregorii
739 1928 850 2005 reiert,
871 1928 948 1988 launo
969 1930 1139 2008 pontiiicem
1160 1929 1345 1990 Gelasiaoum
1367 1948 1416 1992 co·

95 2030 190 2090 dicem
216 2030 424 2105 demissarum
444 2030 614 2091 Sollemoiis
635 2030 724 2091 multa
747 2030 965 2109 subtrahendo,
985 2050 1078 2110 pauca
1098 2031 1319 2109 convertendo,
1343 2052 1417 2094 non

10 2124 13 2129 ’
96 2132 176 2194 nulla
189 2150 262 2194 vero
278 2132 561 2214 superadiiciendo
552 2154 583 2195 ιιι
596 2135 684 2219 unius
703 2133 772 2194 libri
786 2133 926 2195 volumen
946 2143 1115 2195 coarctasse
1126 2131 1169 2210 *).
1197 2133 1329 2194 Rescidit
1351 2137 1415 2214 cpi-

95 2232 399 2297 nor‘Praelationum
423 2236 554 2317 copiam:
592 2254 658 2297 nam
682 2239 712 2296 in
741 2236 787 2297 his
815 2235 935 2315 multum
967 2237 1060 2297 luisse
1095 2224 1260 2316 Gelasium,
1291 2245 1417 2297 testator

95 2339 232 2416 antiquus
254 2336 453 2399 Romanorum
473 2339 645 2418 pontificum
668 2338 822 2416 catalogus
845 2340 921 2418 apud
941 2336 1152 2400 Bduucbiuium
1169 2341 1199 2399 in
1221 2339 1364 2417 Prolegg.
1379 2338 1417 2400 ad

96 2438 180 2500 'lom
201 2438 250 2499 lV.
273 2422 437 2503 anastasii}
457 2440 572 2501 Fecit
596 2449 633 2500 et
658 2425 1414 2503 sacramentorumPraefationescauto

96 2559 286 2602 sermone.
338 2540 429 2601 Immo
459 2541 580 2601 saeculo
625 2560 705 2602 nono
745 2544 921 2621 superstites
951 2544 1049 2604 luisse
1083 2543 1204 2603 codices
1240 2544 1415 2604 Gelasianos

97 2652 182 2704 extra
197 2642 386 2704 dubitationis
408 2642 501 2704 aleam
521 2643 650 2722 positum
668 2650 726 2704 est.
752 2643 888 2703 Habebat
903 2640 989 2704 'verbi
1010 2662 1097 2710 causa
1117 2646 1324 2704 monasterium
1340 2642 1415 2704 Gen·
1464 2711 1467 2718 ,

98 2746 218 2813 tulense
243 2744 338 2806 libros
357 2746 492 2806 missales
514 2738 687 2806 Gelasia'uos
700 2753 773 2823 tres,
801 2755 833 2806 ut
853 2745 982 2825 estapud
995 2743 1188 2806 Daedalium.
1216 2744 1314 2822 'igitur
1335 2748 1414 2807 omni

96 2868 166 2910 cura
194 2858 282 2928 atque
302 2849 451 2910 industria·
471 2847 500 2909 id
522 2848 718 2927 egeruntviri
743 2847 834 2926 docti,
854 2856 886 2927 ut
905 2849 1018 2927 uspiam
1045 2849 1212 2908 inciderent
1233 2850 1264 2907 in
1284 2834 1413 2909 Gelasiu-
1453 2884 1455 2888 ,
1491 2850 1497 2859 '

97 2970 165 3019 num
180 2951 311 3013 codicem
326 2970 413 3032 quem
429 2970 493 3012 cum
501 2949 687 3028 Gregoriano
702 2951 842 3011 coulerre
856 2960 981 3030 possent
991 2973 1005 3037 :⁴
1020 2959 1119 3030 oeque
1134 2956 1271 3028 eventus,
1285 2958 1317 3011 ut
1331 2958 1413 3030 puta·

96 3054 198 3132 batur,
213 3054 323 3115 leiellit
337 3050 603 3135 exspectationem.
638 3053 697 3113 lam
719 3053 775 3113 iam
795 3051 823 3112 l.
842 3050 980 3112 Moriuua
1001 3054 1033 3115 in
1057 3053 1234 3134 Appendice
1254 3050 1414 3113 blanusori·

96 3167 215 3243 ptorum
242 3156 277 3216 ad
306 3156 554 3218 commentarium
586 3156 623 3217 de
649 3156 837 3216 Poeniteotia
860 3151 953 3216 1657.
979 3174 1008 3236 p.
1024 3150 1075 3215 52.
1095 3165 1127 3217 et
1148 3152 1238 3216 Bou
1251 3152 1414 3217 cardinalis

96 3258 294 3337 affirmarunt,
325 3259 418 3321 latere
444 3258 554 3320 Gelasii
581 3258 730 3336 liturgiam
748 3259 778 3318 in
805 3257 914 3337 insigni
943 3256 1047 3321 codice
1066 3254 1232 3321 Girristinee
1251 3258 1413 3337 reginaee

87 3350 190 3425 ¹Gallia
211 3362 333 3423 Romam
353 3372 505 3443 asportato
531 3360 641 3439 (Vatic.
654 3359 712 3422 Nc.
727 3354 838 3438 1455.)
852 3359 911 3437 **).
937 3360 1051 3423 Publici
1072 3360 1145 3423 iuris
1164 3361 1238 3423 iecit
1271 3360 1413 3421 membra·

96 3533 133 3538 ,-...
142 3532 304 3541 -.—----.-

184 3637 213 3711 *)
225 3645 337 3697 Moneut
345 3644 498 3698 temenPP.
509 3644 677 3697 Benedictini
688 3646 716 3697 in
724 3643 846 3698 blenardi
854 3644 934 3696 Notis
942 3641 1369 3711 adSacranrentariumGregorii,
1387 3642 1415 3695 in

97 3748 160 3785 mss.
179 3730 288 3787 Ioannis
304 3727 425 3797 Diaconi,
436 3728 517 3781 etiam
531 3728 726 3797 antiquioribus
735 3731 860 3782 Bernone
875 3728 959 3781 verba
977 3725 1043 3781 haec
1058 3744 1111 3781 non
1133 3733 1241 3781 exstare
1256 3744 1343 3798 neque
1361 3726 1416 3780 ulla

98 3802 241 3887 superesse
252 3814 400 3869 abrasionis
412 3812 537 3883 vestigia.
557 3813 756 3878 Quodammodo
765 3812 905 3883 suppletur
916 3813 1095 3866 testimouium
1110 3812 1311 3866 loannisverbis
1324 3812 1416 3866 Wala-

98 3901 162 3955 iridi
174 3899 318 3954 Strabonis
333 3899 435 3953 dereb.
454 3916 509 3953 ecc.
529 3918 554 3953 c.
575 3898 624 3950 Ὧι
647 3897 772 3950 Gelasius
793 3914 863 3967 papa
880 3903 934 3951 tam
951 3916 968 3953 a
983 3917 1012 3951 se
1030 3914 1106 3969 quam
1127 3898 1161 3950 ab
1179 3897 1239 3950 aliis
1255 3896 1415 3965 compositus

97 4004 193 4056 preces
208 3986 307 4039 dicitur
323 3985 463 4039 ordinasse
473 3991 504 4038 et
519 3985 666 4039 Galliarum
684 3981 812 4036 ecclesiae
826 3983 881 4035 suis
893 3982 1058 4036 orationibus
1072 3984 1219 4036 utebantur
1234 3999 1302 4055 quae
1323 3989 1351 4034 et
1371 3983 1416 4035 ad-

97 4072 149 4125 huc
159 4089 179 4125 a
190 4070 278 4125 multis
289 4071 431 4128 habentur.
457 4070 496 4123 tot
504 4070 567 4141 quia
580 4078 633 4123 tam
643 4069 755 4121 incertis
766 4066 920 4121 auctoribus
934 4069 1016 4121 multa
1029 4068 1192 4122 videbantur
1202 4067 1306 4122 inserta
1316 4073 1345 4120 et
1356 4082 1417 4117 sen·

98 4155 531 4227 susintegritalernnonhubentia,
544 4155 651 4209 curavit
663 4156 696 4207 B.
710 4152 857 4223 Gregorius
873 4153 1045 4207 rationabilia
1064 4171 1184 4223 quaeque
1204 4154 1368 4217 coadunare,
1389 4154 1418 4201 et

98 4240 212 4295 seclusis
238 4240 286 4308 iis,
307 4260 377 4310 quoe
396 4243 439 4296 uel
459 4242 542 4294 nimio
562 4243 604 4293 uel
624 4234 789 4292 inconcinna
814 4238 985 4308 uidebuntur,
1015 4239 1164 4310 composuit
1196 4237 1290 4288 librom
1321 4234 1418 4289 Sacra·

96 4335 252 4381 mentorum.

183 4419 229 4493 Ι**)
252 4427 276 4479 1.
292 4424 415 4478 Marinus
434 4424 452 4477 l.
474 4424 493 4476 l.
522 4422 719 4491 Antiquissimua
738 4423 854 4477 omnium
875 4421 1001 4488 codicum,
1023 4438 1088 4490 quos
1106 4418 1225 4473 sanuses·
1243 4418 1316 4472 nodis
1336 4419 1419 4487 conti-

99 4510 158 4580 git,
185 4511 231 4565 illc
258 4518 309 4574 est,
338 4526 414 4577 ᾳιιοιιι
441 4510 470 4562 in
496 4526 576 4578 opere
603 4519 695 4564 nostro
722 4508 898 4562 Patauinorum
925 4507 1030 4576 saepius
1051 4503 1199 4557 vocavimus
1225 4522 1243 4557 u
1260 4512 1419 4575 possessore,

101 4594 158 4648 uiro
183 4594 357 4665 amplissimo,
380 4593 495 4647 Domino
517 4594 640 4663 Petusio,
663 4593 831 4647 Pcrlcmenti
854 4591 1007 4646 Pusisieusis
1031 4597 1154 4644 sanctone
1169 4588 1356 4662 integerrimo,
1373 4586 1420 4657 pui
