3202 5176
788 270 989 382 .sso'

232 509 264 565 et
272 497 317 563 ibi
331 513 429 576 genua
447 496 578 559 flectunt.
618 491 700 557 Tunc
712 492 852 561 Pontifex
866 495 955 557 tertio
969 494 1055 558 altius
1070 494 1203 557 vocatio
1215 502 1313 575 cantu,
1329 493 1451 559 dicens:
1468 484 1535 561 Ve-

229 595 299 666 nite
323 589 413 665 tiliae
442 589 555 662 audite
582 609 655 678 me,
684 588 841 660 timorem
866 588 1004 663 Domini
1026 586 1160 665 docebo
1185 609 1263 663 vos.
1303 588 1447 677 virgines
1464 618 1535 662 vero

125 756 131 769 ,
230 713 388 782 surgentes
408 702 594 783 respondent
613 708 764 769 cantantes
784 699 918 782 itntipb.:
942 689 987 763 Et
1007 712 1097 763 nuuc
1115 693 1290 787 sequimur
1311 695 1438 765 intuto
1461 715 1537 765 cor-

229 797 274 871 de
306 799 461 870 timemus
492 807 547 885 te,
581 802 615 866 et
648 796 841 889 quaerimus
872 793 997 866 faciem
1028 793 1288 884 tuenstuens,
1319 793 1468 869 Domine
1493 817 1537 868 ne

230 898 419 973 confundas
441 921 518 987 nos,
539 895 601 971 sed
621 895 677 968 fac
698 895 796 971 nobis
818 897 913 975 iuxta
932 895 1224 971 mansuetudinem
1244 906 1338 969 tuam
1358 907 1395 970 et
1416 919 1537 970 secun-

163 1050 169 1057 ·
231 1001 310 1079 dum
330 1002 576 1074 multitudinem
597 996 853 1099 misericordiae
871 1009 961 1073 tuae.
1004 1008 1042 1072 Et
1055 1009 1215 1089 praemissa
1227 1017 1378 1097 munster
1393 1009 1536 1088 virgines,

230 1115 324 1192 magis
339 1115 608 1196 appropinquantes
621 1111 783 1173 ascendunt
795 1112 826 1173 in
842 1111 1077 1192 presbyterium,
1100 1110 1148 1172 sbi
1160 1129 1265 1173 omnes
1277 1128 1378 1177 eornm
1392 1111 1537 1174 Pontiiice

209 1207 214 1221 “
231 1216 433 1295 genuflectunt
455 1225 485 1279 et
506 1218 602 1296 capita
620 1214 765 1294 profunda
785 1216 868 1294 quasi
884 1232 978 1296 usque
991 1215 1026 1279 ad
1042 1224 1149 1276 terram
1162 1214 1311 1299 inclinant.
1349 1213 1470 1277 Deinde
1483 1216 1537 1277 sin·

113 1338 115 1347 ·
231 1318 320 1396 gulae
340 1320 511 1396 successive
533 1324 619 1399 capot
639 1316 848 1398 aliquantutum
868 1317 1035 1395 erigentes,
1061 1325 1178 1383 cantant
1199 1318 1285 1379 etiarn
1307 1317 1386 1380 bunc
1406 1333 1537 1383 versum:

232 1410 376 1507 Suscipe
402 1434 477 1501 me,
503 1411 650 1482 Domine
676 1409 862 1484 secundum
888 1410 1061 1506 eloquium
1087 1418 1200 1501 tuum,
1226 1419 1358 1483 utnon
1385 1410 1536 1484 domine

170 1568 171 1573 η
231 1523 286 1586 tur
303 1516 371 1585 mei
384 1515 492 1587 omnis
504 1513 674 1588 iniustitia.
702 1522 768 1599 Quo
782 1522 984 1603 persingulas
998 1523 1088 1604 dicto,
1101 1530 1227 1603 torpunt
1241 1540 1344 1585 omnen
1356 1532 1388 1585 et
1402 1541 1420 1585 a
1432 1533 1536 1585 matro-

232 1626 277 1687 nis
292 1625 449 1705 praedictis
462 1627 591 1690 seriatim
606 1623 787 1704 ordinantur,
800 1633 914 1689 mentes
928 1625 1036 1690 ibidem
1051 1630 1081 1689 ie
1095 1624 1536 1690 modumcoronaecoramPor·

231 1727 327 1804 titios,
349 1745 481 1807 congruo
496 1738 592 1792 tamen
609 1729 705 1809 spatio
720 1729 861 1791 distantes
876 1727 912 1791 ab
927 1746 988 1792 eo..
1015 1728 1095 1794 inse
1107 1726 1247 1793 Pontifex
1261 1727 1396 1792 bortatur
1410 1728 1477 1792 illas
1489 1747 1536 1810 pu·

232 1828 310 1890 blice
334 1830 369 1891 nd
389 1831 623 1912 amplectendum
645 1840 675 1893 et
694 1831 868 1893 servandum
887 1841 1007 1895 sanctae
1023 1831 1202 1913 virginitatis
1224 1833 1411 1913 propositum
1426 1841 1458 1893 et
1470 1849 1537 1894 mox

230 1932 396 2011 interrogat
408 1935 502 2015 palam
516 1944 547 1998 et
561 1935 752 1997 communiter
765 1934 885 2004 dicens;
906 1923 1019 1999 Vultis
1037 1929 1072 1998 in
1089 1934 1228 2002 senene
1241 1927 1448 2018 virginitatis
1460 1918 1535 2020 pro-

231 2028 343 2119 posito
356 2028 610 2121 perseverare?
633 2035 672 2097 lit
685 2037 818 2115 singulae
832 2036 1028 2116 respondent:
1041 2027 1218 2103 Volumus.
1248 2036 1332 2100 Tunc
1346 2054 1534 2119 unaquaeque

231 2135 381 2211 sigillatim
400 2139 573 2215 genuflectit
595 2155 692 2201 eornm
713 2157 751 2200 eo
769 2149 799 2200 et
817 2140 953 2205 immissis
968 2140 1098 2202 manibus
1113 2139 1219 2202 iunctis
1233 2141 1311 2203 inter
1323 2139 1421 2201 ambas
1434 2155 1532 2200 manus

232 2236 399 2317 Pontificis,
414 2240 553 2303 Pontifex
566 2241 729 2319 tnnrrognt
744 2240 919 2323 quamlibet,
935 2243 1049 2305 dicens:
1068 2234 1241 2307 Promittis
1258 2241 1294 2309 te.
1308 2235 1537 2326 vngtmtaten

230 2341 396 2426 perpetuo
423 2334 593 2411 servare?
634 2343 806 2426 Respondet
826 2343 893 2408 ilio:
920 2335 1092 2410 Promitte.
1134 2343 1173 2407 iit
1189 2344 1437 2408 tenuissimis:
1461 2335 1535 2407 Deo

210 2441 218 2463 '
232 2436 367 2524 gruiitm.
403 2443 464 2507 -ltta
477 2465 551 2510 vero
567 2446 717 2510 osculatur
729 2466 829 2512 manos
844 2445 1006 2537 Pontificio,
1019 2451 1172 2530 surgitque
1185 2457 1216 2511 et
1228 2447 1266 2510 sd
1282 2440 1367 2515 suuni
1380 2447 1480 2511 locum
1494 2465 1536 2508 re-

232 2547 356 2619 vertitur
376 2555 406 2610 et
426 2550 608 2627 genuflectit.
650 2549 790 2613 Omnibus
815 2559 910 2614 autem
929 2553 972 2613 sie
991 2570 1047 2632 per
1067 2551 1200 2615 ordinem
1221 2551 1371 2632 expeditis
1392 2560 1424 2613 et
1438 2549 1475 2615 ad
1488 2566 1538 2612 sna

232 2644 298 2708 loca
324 2653 454 2713 reversis
475 2662 504 2715 et
526 2652 713 2733 genuflexis,
741 2654 878 2718 Pontifex
900 2657 1091 2719 communiter
1112 2673 1215 2717 omnes
1235 2654 1401 2733 interrogat
1422 2653 1537 2716 dicens:

233 2737 343 2822 Vultis
359 2742 528 2836 benedici,
544 2757 578 2820 et
595 2750 794 2821 consecrari
810 2770 852 2818 ac
869 2748 1016 2822 Domino
1034 2757 1153 2822 nostro
1167 2746 1247 2822 lesu
1262 2744 1399 2844 Christo
1419 2748 1537 2821 summi

232 2840 300 2912 Dei
319 2841 388 2915 lilio
409 2847 635 2944 desponsari?
674 2859 868 2941 Respondent
887 2879 1005 2923 omne:
1029 2850 1205 2947 Volumus.
1232 2858 1387 2947 Posrbaee
1400 2858 1538 2922 Pontifex

234 2960 302 3015 ante
321 2952 412 3024 altare
424 2977 515 3039 super
526 2961 720 3047 faldistorium
734 2961 899 3043 procumbit
913 2982 978 3025 cum
992 2965 1075 3025 mitra
1090 2972 1121 3026 et
1134 2963 1256 3025 ministri
1271 2961 1341 3025 bine
1353 2970 1385 3023 et
1401 2961 1474 3024 inde
1488 2981 1538 3040 pe·

234 3053 411 3124 autemnam
432 3060 564 3149 uirgines
587 3080 659 3127 sero
680 3073 750 3145 post
762 3065 934 3128 Pontificem
953 3085 1044 3146 snper
1065 3065 1348 3147 tapetiairrmodam
1362 3082 1539 3129 coronasse

234 3165 426 3240 prosternunt
440 3168 471 3221 et
484 3174 618 3231 cantores
631 3167 775 3249 incipiunt
788 3177 818 3231 et
832 3178 1052 3250 prosequuntur
1063 3168 1202 3248 litanias,
1217 3176 1248 3229 et
1260 3177 1419 3250 postquem
1433 3167 1537 3230 dictare

236 3269 282 3325 est
302 3269 333 3322 et
353 3278 369 3322 a
392 3261 483 3325 cboro
498 3281 685 3346 responsum:
713 3260 758 3334 Ut
778 3260 933 3335 omnibus
950 3261 1106 3336 fidelibus
1128 3281 1185 3335 eto.
1226 3265 1269 3352 tir.
1297 3261 1349 3334 Te
1375 3279 1535 3354 rogamus

235 3353 314 3425 audi
334 3375 407 3430 nos.
442 3365 579 3437 Pontifex
596 3375 865 3448 surgitcum'mitra
880 3382 912 3437 et
925 3383 1045 3439 vertens
1059 3393 1093 3437 se
1109 3373 1146 3436 ad
1158 3374 1291 3454 virginet
1305 3382 1480 3454 prostratus,
1493 3379 1534 3432 te·

235 3483 310 3528 usna
324 3465 455 3529 baculum
467 3471 645 3549 pastoralem
659 3474 837 3556 insinistra,
857 3478 888 3539 in
901 3478 1026 3557 pristino
1042 3485 1132 3554 tono,
1154 3475 1224 3539 dicit
1237 3477 1348 3557 primo:
1376 3466 1423 3539 Ut
1440 3486 1537 3562 prae·

236 3567 352 3634 sentes
375 3560 515 3636 ancilias
537 3573 613 3638 tuas
634 3563 884 3661 beneidieere
911 3570 1073 3665 digneris.
1124 3574 1167 3661 D·
1196 3569 1247 3643 l'e
1271 3591 1437 3662 rogamus
1450 3566 1537 3647 ,nudi

235 3683 300 3735 nos
350 3661 394 3735 Ut
413 3676 612 3759 praesentes
632 3671 772 3746 ancillas
790 3684 867 3748 uras
885 3672 1136 3767 bene†dicere
1155 3683 1189 3746 et
1209 3669 1468 3762 sancti†ticare
1489 3669 1537 3743 di-

235 3765 361 3857 gneris.
390 3769 433 3856 D·
453 3765 504 3839 i'e
522 3774 859 3862 rogemusaudinos.
893 3785 1007 3861 Quibus
1020 3787 1115 3862 dictis,
1129 3781 1534 3851 rontirex'reittndacenti·

235 3884 306 3954 tum,
321 3876 489 3939 cantoribus
502 3877 630 3944 bitenius
643 3883 693 3944 nbi
707 3884 885 3962 dimiserant,
896 3889 1144 3952 reassumentibus
1159 3897 1190 3950 et
1204 3885 1438 3968 perficientibus.
1469 3884 1533 3960 Qut·

235 3977 292 4040 bus
303 3979 392 4047 finitis
407 3991 531 4059 snrgunt
544 4001 645 4047 omnes
659 3995 690 4048 et
704 3986 810 4051 dieitur
822 3987 957 4064 bpmnus:
972 3980 1061 4053 Veni
1074 3990 1209 4055 creator
1223 3979 1371 4076 Spiritus
1384 3998 1444 4050 etc.
1464 3987 1536 4051 Pon·

236 4081 316 4145 tibce
336 4085 409 4147 sine-
420 4084 508 4151 mitra
524 4095 592 4149 ente
611 4087 706 4175 alnre
719 4089 902 4169 genuisse·
915 4094 1074 4174 incipiente
1086 4102 1119 4155 et
1131 4092 1222 4156 oboro
1237 4092 1319 4154 illurn
1335 4099 1537 4174 prosequente

236 4200 331 4264 neque
345 4185 381 4249 ad
394 4185 497 4266 duem,
518 4190 612 4269 prino
626 4209 718 4255 versa
728 4193 812 4260 dicto,
822 4192 964 4260 Pontiiice
976 4203 1134 4275 surgente,
1156 4205 1189 4259 et
1203 4195 1344 4277 usquead
1358 4194 1449 4257 tinem
1464 4195 1536 4256 eins·

236 4280 302 4347 dem
315 4285 413 4364 bpmni
425 4291 490 4352 siae
502 4294 588 4354 mitra
601 4301 705 4359 stante.
732 4295 847 4373 lipmuo
861 4295 939 4359 dicto
955 4299 1086 4377 virgines
1098 4298 1136 4361 ed
1150 4299 1328 4381 papilionem
1341 4315 1396 4365 seu
1404 4297 1443 4359 ad
1453 4297 1536 4359 alian

104 4400 108 4413 ·
238 4386 334 4450 locum
352 4390 506 4455 ideooeum
523 4395 736 4475 proximiorem
749 4397 786 4460 ad
801 4398 858 4460 bec
872 4398 1052 4479 ordinatum,
1074 4411 1269 4465 revertuntur.
1310 4401 1455 4462 Pontifex
1466 4415 1535 4461 vero

237 4507 334 4553 eoram
348 4492 430 4555 alteri
443 4503 535 4572 stans,
549 4496 683 4580 deposita
697 4501 780 4563 mitra
793 4501 943 4566 benedicit
955 4505 1101 4584 virginum
1115 4513 1226 4585 vestes3
1239 4506 1357 4569 dicens:
1372 4493 1536 4569 Dumium

238 4583 422 4665 vobiscum.
469 4593 512 4683 ii.
540 4589 585 4664 Et
606 4614 683 4665 cum
709 4595 829 4690 spiritu
848 4602 927 4701 tun¹
975 4667 978 4673 ,
1114 4636 1117 4641 -
1207 4636 1221 4673 ,·
