3202 5176
752 264 844 375 'aaa

144 493 257 589 plaga.
303 488 438 562 Nomen
456 489 523 559 Dei
543 488 654 560 Patris
674 497 708 559 et
727 486 806 559 Filii
827 495 862 558 et
884 482 1033 579 Spiritus
1054 483 1170 559 Sancti
1191 493 1293 580 atque
1313 486 1468 573 omnium

144 593 351 667 Sanctorum
377 594 420 665 sit
442 594 613 682 signatum
635 598 803 684 superte.
843 587 966 659 Αιιιθιι.

247 690 388 783 Βθιιθι
405 693 497 764 dicat
510 703 546 762 ιθ
560 692 655 764 Deus
672 692 774 763 Pater
792 692 849 785 qui
865 693 899 759 in
915 690 1082 784 principio
1101 687 1211 760 verbo
1231 697 1356 760 cuncta
1370 712 1466 762 crea-

145 801 212 879 vit3
232 793 365 886 bene†
380 795 472 866 dicat
493 803 527 865 ιθ
542 793 638 865 Deus
654 792 775 882 Filius,
795 792 963 863 illuminet
980 801 1015 861 te
1031 787 1367 892 Spiritus'Sanotus:
1389 814 1467 864 cor-

144 921 209 994 pus
229 909 322 969 tuum
341 895 529 984 custodiat,
556 899 700 966 animam
726 904 819 965 tuam
844 894 968 981 salvet,
997 915 1059 964 cor
1084 903 1179 964 tuum
1204 893 1361 982 irradiet,
1387 915 1465 969 scn-

145 1022 220 1073 sum
239 1010 334 1071 tuum
357 999 481 1089 dirigat
502 1007 536 1068 et
557 997 600 1068 ad
625 1019 809 1092 supernam
829 997 935 1068 vitam
955 995 1129 1090 perducat
1173 995 1344 1070 Dominus
1371 996 1465 1071 lesus

145 1098 300 1175 Christus
323 1098 413 1195 apud
434 1108 469 1169 ιθ
491 1102 534 1172 sit
556 1108 593 1169 ut
614 1098 775 1178 defendat
796 1107 851 1187 ιθ,
872 1099 960 1168 intra
982 1107 1017 1168 te
1039 1100 1095 1184 sita
1116 1107 1153 1168 ut
1175 1107 1210 1168 ιθ
1232 1096 1379 1187 reliciat,
1401 1101 1464 1170 cir-

145 1225 223 1275 oum
248 1211 284 1272 ιθ
308 1205 351 1273 sit
374 1211 411 1272 ut
433 1209 467 1270 ιθ
487 1200 646 1290 deducat,
672 1209 751 1296 post
776 1210 811 1271 ιθ
839 1202 882 1272 sit
903 1209 940 1270 ut
959 1209 994 1270 te
1017 1199 1199 1284 custodiat,
1220 1222 1284 1294 pro
1306 1203 1463 1272 tesitwut

144 1327 209 1401 pro
235 1313 270 1374 ιθ
296 1301 499 1390 intercedat,
524 1325 630 1398 super
652 1305 764 1389 emnia
786 1303 830 1374 sit
849 1305 954 1389 inte,
977 1311 1013 1372 ut
1036 1312 1070 1373 ιθ
1092 1300 1282 1372 benedicat.
1326 1298 1393 1373 Cui
1413 1312 1464 1376 est

147 1406 258 1476 honor
281 1414 316 1474 et
334 1404 446 1495 gloria
468 1404 663 1478 insaecula
685 1404 913 1476 saeculorum.
950 1407 994 1493 ιιι.
1016 1403 1139 1475 Amen.
1174 1403 1322 1477 Domine
1339 1402 1463 1475 exaudi

146 1510 335 1578 orationem
357 1525 477 1574 meam.
518 1512 561 1595 ιι.
585 1505 629 1577 Ει
648 1506 779 1579 clamor
798 1527 896 1579 meus
919 1505 962 1578 ad
983 1516 1018 1577 ιθ
1038 1508 1164 1577 veniat.
1210 1504 1381 1579 Dominus
1401 1528 1462 1580 vo-

145 1608 287 1682 biscum.
336 1612 379 1697 ιιι.
406 1604 451 1676 Et
474 1629 552 1678 cum
574 1610 693 1703 spiritu
718 1619 788 1680 tuo

252 1709 408 1782 Oramus.
451 1707 674 1805 Omnipotens
696 1709 1001 1806 sempiterneDeus
1025 1732 1083 1803 qur
1073 1708 1294 1784 subvenis
1283 1730 1320 1780 m
1338 1671 1461 1804 pecca-

145 1816 189 1885 tis
207 1822 243 1884 et
262 1813 470 1884 necessitate
491 1811 743 1900 laborantibus
774 1815 987 1885 maiestatem
1005 1822 1097 1881 tuam
1119 1811 1320 1931 suppliciter
1338 1833 1463 1886 exora-

144 1937 234 2003 mus,
254 1924 291 1984 ut
310 1915 447 1983 mittere
469 1912 621 2005 digneris
642 1925 796 1986 sanctum
818 1915 979 2006 angelum
997 1921 1092 1985 tuum
1111 1916 1169 2007 qui
1189 1913 1280 1984 buno
1298 1912 1461 1984 famulum

145 2028 240 2089 tuum
269 2010 447 2108 (famulam
475 2021 582 2098 tuam)
609 2017 645 2085 ιιι
678 2018 843 2106 angustiis
868 2026 903 2087 et
931 2015 1206 2088 tribulationibus
1235 2014 1462 2104 laborantem,

146 2114 439 2190 consolationibus
453 2116 597 2206 attollat,
618 2116 739 2210 quibus
754 2127 788 2187 et
803 2117 846 2187 de
860 2120 1035 2211 praesenti
1048 2120 1255 2190 necessitate
1270 2138 1462 2212 consequa-

145 2230 201 2291 tur
223 2218 388 2289 auxilinm
411 2227 445 2287 θι
465 2227 606 2289 aeterna
619 2217 785 2291 remedia
803 2219 1080 2314 comprehendat.
1129 2219 1197 2291 Per
1216 2218 1412 2290 Dominum.

246 2328 300 2389 llis
320 2327 409 2389 linitis
429 2329 575 2390 Sacerdos
595 2332 721 2410 accipiat
733 2331 762 2390 in
777 2348 890 2391 manum
904 2332 1022 2408 siguum
1038 2332 1133 2391 erucis
1152 2331 1230 2410 quod
1246 2331 1363 2392 inlirmo
1378 2347 1461 2410 prae·

144 2433 217 2498 beat
229 2429 431 2507 osculandum,
445 2431 591 2511 simulque
607 2432 688 2493 illum
703 2442 822 2493 moneat
835 2442 867 2493 ut
882 2434 1046 2493 meminerit
1060 2431 1193 2495 morbum
1207 2442 1239 2493 et
1251 2432 1386 2495 dolorem
1403 2450 1460 2492 om·

144 2555 212 2596 nem
233 2531 399 2596 Christiano
418 2535 566 2612 patienter
585 2534 738 2595 ferendum
759 2543 789 2594 et
802 2535 832 2594 in
847 2547 935 2595 eruce
948 2536 1012 2614 ipsa
1027 2533 1212 2611 gloriandum
1227 2552 1312 2612 essa,
1334 2534 1371 2596 ad
1384 2553 1460 2596 mor·

143 2647 204 2698 tam
224 2654 298 2697 vero
317 2645 411 2714 usquc
432 2653 486 2714 pro
506 2635 563 2696 fide
580 2645 614 2696 'et
632 2639 743 2716 pietate
763 2622 882 2697 fortiter
904 2636 1072 2696 certandum
1094 2646 1124 2697 et
1143 2635 1257 2696 demum
1278 2638 1308 2698 ιιι
1323 2654 1460 2716 supremo

143 2740 239 2801 raorbi
258 2755 357 2814 agone
379 2739 460 2797 iuxta
473 2736 583 2799 Gbristi
603 2740 756 2799 morientis
778 2738 947 2818 exemplum
960 2741 1084 2799 tentanti
1099 2740 1225 2799 Satanae
1240 2738 1338 2799 locum
1352 2737 1461 2799 nullum

143 2837 386 2918 relinquendum,
407 2838 461 2898 sed
479 2839 534 2898 Dei
556 2839 699 2899 voluntati
719 2839 899 2919 parendum,
926 2839 1095 2920 Christique
1109 2841 1220 2901 meritis
1234 2838 1418 2907 innitendum
1432 2847 1460 2900 at

141 2939 180 3003 ad
200 2941 364 3002 coelestem
382 2939 506 3017 patriam
528 2937 654 3001 fidenter
672 2941 867 3003 anhelandum
888 2960 965 3004 esse.
1006 2942 1078 3002 Tum
1095 2941 1251 3003 admoneat
1262 2941 1415 3004 adstantes
1430 2951 1460 3001 ut

142 3061 198 3125 pro
222 3043 340 3119 aegroti
359 3039 454 3100 salute
467 3059 622 3102 commune
636 3051 749 3121 patrem
762 3052 872 3120 rogent
886 3051 916 3105 et
929 3045 955 3105 si
970 3044 1153 3106 moriendum
1169 3044 1225 3120 ait,
1243 3035 1335 3106 'recte
1349 3046 1459 3124 piaque

142 3143 289 3206 moriendi
309 3145 432 3220 gratiam
452 3142 495 3202 illi
519 3152 696 3223 precentur,
714 3146 888 3207 morientem
909 3164 982 3208 vero
1004 3165 1127 3226 prorsus
1148 3165 1208 3207 non
1228 3147 1325 3219 sinant
1339 3145 1459 3207 destitui

141 3246 288 3307 bonorum
312 3260 403 3324 opera
426 3256 456 3307 et
474 3244 624 3325 frequenti
646 3247 868 3338 ιιιιιοιιιιιοιιιι,
891 3247 987 3311 donec
1008 3248 1125 3316 taudem
1145 3249 1297 3309 morlaatis
1310 3249 1405 3320 anima
1420 3247 1459 3307 ad

141 3366 227 3408 saum
246 3345 350 3407 redeat
373 3357 549 3410 creatorem.
582 3349 737 3412 Postremo
757 3358 877 3429 accepta
894 3369 969 3430 aqua
984 3350 1141 3410 benedicta
1158 3350 1254 3430 primo
1269 3349 1410 3411 infirmnm
1427 3357 1459 3410 et

140 3451 217 3511 alios
232 3449 338 3510 deinde
351 3468 455 3512 omnes
469 3451 616 3512 Sacerdos
628 3469 797 3532 aspergens
811 3452 851 3514 ιιι
865 3451 957 3514 diost:
971 3437 1173 3514 Benedictio
1187 3443 1253 3514 Dei
1266 3443 1373 3538 patris.
1385 3456 1458 3512 om-

140 3544 326 3638 nipotentis
349 3542 428 3614 Filii
457 3554 491 3615 et
515 3540 660 3638 Spiritus
683 3543 801 3618 Sancti
831 3543 1018 3617 descendat
1047 3566 1239 3640 supervos
1268 3552 1303 3615 et
1322 3553 1460 3615 maneat

139 3665 287 3738 semper.
314 3643 437 3716 Amen.
483 3652 553 3715 Gum
573 3656 614 3716 ita
635 3655 781 3717 lniirmum
797 3657 862 3716 Deo
882 3656 1133 3718 commandaverit
1153 3664 1278 3734 accepto
1302 3658 1333 3717 ιιι
1357 3672 1459 3715 manus

139 3773 200 3815 uuo
216 3755 267 3815 vel
280 3762 408 3894 ultroque
419 3756 624 3837 Samamsato,
640 3776 656 3818 e
672 3759 759 3821 domo
776 3767 864 3820 exeat
878 3766 907 3820 st
921 3761 1054 3836 graviter
1066 3758 1208 3821 incedens
1221 3756 1459 3838 intemplumra·

44 3900 47 3906 =
139 3865 282 3919 vertatur.
307 3845 323 3944 )

688 3997 897 4007 -.----

145 4172 355 4186 ——---·

202 4243 230 4318 i)
251 4245 367 4315 liganda
389 4243 464 4312 llog.
486 4245 564 4298 1513.
596 4246 662 4300 Post
676 4244 837 4305 Unctioncm
851 4245 965 4302 Oratio:
986 4245 1101 4316 llespica
1113 4243 1226 4303 Domina
1248 4241 1387 4314 propitius
1403 4250 1458 4299 etc.

135 4328 241 4384 Deinde
257 4328 415 4385 Benedictio
435 4326 531 4384 datur:
549 4328 682 4385 Dominus
696 4328 771 4386 lesus
785 4330 858 4402 apud
870 4337 899 4385 te
913 4330 950 4386 sit
963 4336 1017 4391 ete.
1044 4329 1108 4388 l’ost
1123 4319 1342 4386 hamsmemos
1357 4328 1459 4398 insagi-

136 4429 198 4468 nem
215 4413 342 4469 Crmilixi
361 4413 470 4468 intirmo
496 4412 624 4469 ostendat
641 4417 671 4467 et
691 4429 752 4468 eum
770 4412 805 4470 ad
824 4415 999 4471 devotionem
1019 4421 1155 4486 moreest
1169 4413 1339 4482 lustrantque
1355 4430 1420 4472 aum
1431 4419 1461 4469 ιιι

134 4496 238 4554 christi
251 4498 408 4555 Passionem
422 4496 451 4551 iu
463 4500 553 4554 meritc
567 4513 615 4552 sua
626 4496 755 4557 ιθιιιιθιι.
784 4498 903 4556 Tandem
916 4500 1072 4570 interroget
1086 4499 1237 4556 lrbrmum:
1251 4495 1350 4554 Credis
1366 4498 1460 4555 omnia

137 4596 207 4653 quaa
226 4589 288 4639 aunt
308 4581 373 4638 tidai
386 4578 581 4638 Christianae?
606 4575 649 4660 ιιι
662 4581 762 4642 credo.
783 4583 890 4641 Gaudes
901 4591 929 4642 te
940 4583 1049 4642 moriin
1060 4582 1113 4640 ada
1125 4578 1300 4642 Christiana?
1326 4577 1372 4661 ιιι.
1386 4582 1461 4641 Gan·
