<?xml version="1.0" encoding="UTF-8"?>
<!DOCTYPE html PUBLIC "-//W3C//DTD XHTML 1.0 Transitional//EN"
    "http://www.w3.org/TR/xhtml1/DTD/xhtml1-transitional.dtd">
<html xmlns="http://www.w3.org/1999/xhtml" xml:lang="en" lang="en">
 <head>
  <title>
</title>
<meta http-equiv="Content-Type" content="text/html;charset=utf-8" />
  <meta name='ocr-system' content='tesseract 3.04.00' />
  <meta name='ocr-capabilities' content='ocr_page ocr_carea ocr_par ocr_line ocrx_word'/>
</head>
<body>
  <div class='ocr_page' id='page_1' title='image "./codexliturgicus02danigoog_0470.png"; bbox 0 0 3202 5176; ppageno 0'>
   <div class='ocr_carea' id='block_1_1' title="bbox 764 386 839 460">
    <p class='ocr_par' dir='ltr' id='par_1_1' title="bbox 764 386 839 460">
     <span class='ocr_line' id='line_1_1' title="bbox 764 386 839 460; baseline 0.04 -3"><span class='ocrx_word' id='word_1_1' title='bbox 764 386 839 460; x_wconf 77' lang='lat'>427</span> 
     </span>
    </p>
   </div>
   <div class='ocr_carea' id='block_1_2' title="bbox 91 572 1569 4463">
    <p class='ocr_par' dir='ltr' id='par_1_2' title="bbox 144 572 1496 776">
     <span class='ocr_line' id='line_1_2' title="bbox 247 572 1496 676; baseline 0.003 -26"><span class='ocrx_word' id='word_1_2' title='bbox 247 572 309 650; x_wconf 83' lang='lat' dir='ltr'>Sta</span> <span class='ocrx_word' id='word_1_3' title='bbox 334 584 369 648; x_wconf 91' lang='lat' dir='ltr'>et</span> <span class='ocrx_word' id='word_1_4' title='bbox 389 576 498 648; x_wconf 91' lang='lat' dir='ltr'>retine</span> <span class='ocrx_word' id='word_1_5' title='bbox 518 574 642 649; x_wconf 87' lang='lat' dir='ltr'>amodo</span> <span class='ocrx_word' id='word_1_6' title='bbox 665 574 780 648; x_wconf 90' lang='lat' dir='ltr'>locum</span> <span class='ocrx_word' id='word_1_7' title='bbox 797 575 858 648; x_wconf 93' lang='lat' dir='ltr'>tibi</span> <span class='ocrx_word' id='word_1_8' title='bbox 878 574 997 651; x_wconf 86' lang='lat' dir='ltr'>allec</span> <span class='ocrx_word' id='word_1_9' title='bbox 1011 575 1215 672; x_wconf 90' lang='lat' dir='ltr'>delegatum</span> <span class='ocrx_word' id='word_1_10' title='bbox 1233 601 1296 676; x_wconf 91' lang='lat' dir='ltr'>per</span> <span class='ocrx_word' id='word_1_11' title='bbox 1312 583 1460 656; x_wconf 89' lang='lat' dir='ltr'>auctori·</span> <span class='ocrx_word' id='word_1_12' title='bbox 1490 572 1496 585; x_wconf 72' lang='grc'><em>“</em></span> 
     </span>
     <span class='ocr_line' id='line_1_3' title="bbox 144 679 1460 776; baseline 0.005 -24"><span class='ocrx_word' id='word_1_13' title='bbox 144 688 248 752; x_wconf 88' lang='lat' dir='ltr'>tatem</span> <span class='ocrx_word' id='word_1_14' title='bbox 267 680 506 774; x_wconf 89' lang='lat' dir='ltr'>omnipotentis</span> <span class='ocrx_word' id='word_1_15' title='bbox 525 679 593 776; x_wconf 88' lang='lat' dir='ltr'>Dei</span> <span class='ocrx_word' id='word_1_16' title='bbox 613 687 648 751; x_wconf 90' lang='lat' dir='ltr'>et</span> <span class='ocrx_word' id='word_1_17' title='bbox 664 698 727 774; x_wconf 90' lang='lat' dir='ltr'>per</span> <span class='ocrx_word' id='word_1_18' title='bbox 742 688 958 775; x_wconf 78' lang='lat' dir='ltr'>praesentem</span> <span class='ocrx_word' id='word_1_19' title='bbox 974 681 1189 754; x_wconf 77' lang='lat' dir='ltr'>traditionem</span> <span class='ocrx_word' id='word_1_20' title='bbox 1206 692 1370 775; x_wconf 90' lang='lat' dir='ltr'>nostram,</span> <span class='ocrx_word' id='word_1_21' title='bbox 1389 707 1460 758; x_wconf 89' lang='lat' dir='ltr'>om-</span> 
     </span>
    </p>

    <p class='ocr_par' dir='ltr' id='par_1_3' title="bbox 91 779 1534 1087">
     <span class='ocr_line' id='line_1_4' title="bbox 91 779 1534 909; baseline 0.007 -57"><span class='ocrx_word' id='word_1_22' title='bbox 91 808 109 909; x_wconf 75' lang='lat' dir='ltr'>p</span> <span class='ocrx_word' id='word_1_23' title='bbox 144 784 237 854; x_wconf 89' lang='lat' dir='ltr'>nium</span> <span class='ocrx_word' id='word_1_24' title='bbox 262 782 398 856; x_wconf 85' lang='lat' dir='ltr'>soihcet</span> <span class='ocrx_word' id='word_1_25' title='bbox 417 781 668 880; x_wconf 88' lang='lat' dir='ltr'>Episcoporum</span> <span class='ocrx_word' id='word_1_26' title='bbox 695 791 979 878; x_wconf 92' lang='lat' dir='ltr'>caeterorumque</span> <span class='ocrx_word' id='word_1_27' title='bbox 996 784 1062 856; x_wconf 88' lang='lat' dir='ltr'>Dei</span> <span class='ocrx_word' id='word_1_28' title='bbox 1081 806 1264 859; x_wconf 84' lang='lat' dir='ltr'>servorum</span> <span class='ocrx_word' id='word_1_29' title='bbox 1282 796 1316 858; x_wconf 91' lang='lat' dir='ltr'>et</span> <span class='ocrx_word' id='word_1_30' title='bbox 1334 797 1460 882; x_wconf 90' lang='lat' dir='ltr'>quanto</span> <span class='ocrx_word' id='word_1_31' title='bbox 1530 779 1534 794; x_wconf 89' lang='grc'><strong>’</strong></span> 
     </span>
     <span class='ocr_line' id='line_1_5' title="bbox 144 883 1461 985; baseline 0.005 -29"><span class='ocrx_word' id='word_1_32' title='bbox 144 885 274 958; x_wconf 88' lang='lat' dir='ltr'>clerum</span> <span class='ocrx_word' id='word_1_33' title='bbox 298 886 405 959; x_wconf 90' lang='lat' dir='ltr'>sacris</span> <span class='ocrx_word' id='word_1_34' title='bbox 429 883 590 958; x_wconf 89' lang='lat' dir='ltr'>altaribus</span> <span class='ocrx_word' id='word_1_35' title='bbox 615 886 894 980; x_wconf 85' lang='lat' dir='ltr'>propinquiorem</span> <span class='ocrx_word' id='word_1_36' title='bbox 914 888 1093 982; x_wconf 87' lang='lat' dir='ltr'>perspicis,</span> <span class='ocrx_word' id='word_1_37' title='bbox 1115 895 1208 960; x_wconf 87' lang='lat' dir='ltr'>ta&#39;nto</span> <span class='ocrx_word' id='word_1_38' title='bbox 1236 890 1268 959; x_wconf 93' lang='lat' dir='ltr'>ei</span> <span class='ocrx_word' id='word_1_39' title='bbox 1290 892 1461 985; x_wconf 77' lang='lat' dir='ltr'>pothore‘m</span> 
     </span>
     <span class='ocr_line' id='line_1_6' title="bbox 142 987 1458 1087; baseline 0.005 -30"><span class='ocrx_word' id='word_1_40' title='bbox 142 991 178 1058; x_wconf 90' lang='lat' dir='ltr'>in</span> <span class='ocrx_word' id='word_1_41' title='bbox 204 987 294 1061; x_wconf 92' lang='lat' dir='ltr'>locis</span> <span class='ocrx_word' id='word_1_42' title='bbox 320 991 484 1081; x_wconf 77' lang='lat' dir='ltr'>congruis</span> <span class='ocrx_word' id='word_1_43' title='bbox 504 987 672 1083; x_wconf 75' lang='lat' dir='ltr'>honorem</span> <span class='ocrx_word' id='word_1_44' title='bbox 692 987 891 1083; x_wconf 89' lang='lat' dir='ltr'>impendere</span> <span class='ocrx_word' id='word_1_45' title='bbox 913 991 1120 1082; x_wconf 91' lang='lat' dir='ltr'>memineris,</span> <span class='ocrx_word' id='word_1_46' title='bbox 1141 999 1308 1087; x_wconf 88' lang='lat' dir='ltr'>quatenus</span> <span class='ocrx_word' id='word_1_47' title='bbox 1328 992 1458 1064; x_wconf 73' lang='lat' dir='ltr'>media·</span> 
     </span>
    </p>

    <p class='ocr_par' dir='ltr' id='par_1_4' title="bbox 117 1086 921 1185">
     <span class='ocr_line' id='line_1_7' title="bbox 117 1086 921 1185; baseline 0 -24"><span class='ocrx_word' id='word_1_48' title='bbox 117 1086 120 1092; x_wconf 71' lang='grc'><strong>“</strong></span> <span class='ocrx_word' id='word_1_49' title='bbox 142 1099 256 1163; x_wconf 88' lang='lat' dir='ltr'>torem</span> <span class='ocrx_word' id='word_1_50' title='bbox 283 1089 369 1161; x_wconf 91' lang='lat' dir='ltr'>cleri</span> <span class='ocrx_word' id='word_1_51' title='bbox 394 1099 428 1161; x_wconf 93' lang='lat' dir='ltr'>et</span> <span class='ocrx_word' id='word_1_52' title='bbox 449 1087 560 1185; x_wconf 89' lang='lat' dir='ltr'>plebis</span> <span class='ocrx_word' id='word_1_53' title='bbox 581 1111 783 1184; x_wconf 89' lang='lat' dir='ltr'>permanere</span> <span class='ocrx_word' id='word_1_54' title='bbox 809 1089 921 1163; x_wconf 86' lang='lat' dir='ltr'>iaciat.</span> 
     </span>
    </p>

    <p class='ocr_par' dir='ltr' id='par_1_5' title="bbox 143 1199 1545 1879">
     <span class='ocr_line' id='line_1_8' title="bbox 176 1199 1458 1282; baseline 0.003 -19"><span class='ocrx_word' id='word_1_55' title='bbox 176 1236 178 1241; x_wconf 92' lang='lat'>·</span> <span class='ocrx_word' id='word_1_56' title='bbox 231 1199 615 1282; x_wconf 88' lang='lat' dir='ltr'>·DeiudeMetropolitanus</span> <span class='ocrx_word' id='word_1_57' title='bbox 630 1200 763 1282; x_wconf 89' lang='lat' dir='ltr'>deposita</span> <span class='ocrx_word' id='word_1_58' title='bbox 779 1204 862 1263; x_wconf 87' lang='lat' dir='ltr'>mitra</span> <span class='ocrx_word' id='word_1_59' title='bbox 877 1212 956 1264; x_wconf 89' lang='lat' dir='ltr'>stans</span> <span class='ocrx_word' id='word_1_60' title='bbox 968 1222 1072 1265; x_wconf 86' lang='lat' dir='ltr'>versus</span> <span class='ocrx_word' id='word_1_61' title='bbox 1080 1202 1115 1266; x_wconf 90' lang='lat' dir='ltr'>ad</span> <span class='ocrx_word' id='word_1_62' title='bbox 1126 1202 1218 1264; x_wconf 87' lang='lat' dir='ltr'>altare</span> <span class='ocrx_word' id='word_1_63' title='bbox 1227 1202 1347 1266; x_wconf 87' lang='lat' dir='ltr'>inchoat</span> <span class='ocrx_word' id='word_1_64' title='bbox 1356 1203 1458 1268; x_wconf 85' lang='lat' dir='ltr'>schola</span> 
     </span>
     <span class='ocr_line' id='line_1_9' title="bbox 144 1293 1456 1388; baseline 0.005 -24"><span class='ocrx_word' id='word_1_65' title='bbox 144 1313 347 1385; x_wconf 85' lang='lat' dir='ltr'>prosequente</span> <span class='ocrx_word' id='word_1_66' title='bbox 360 1303 519 1381; x_wconf 76' lang='lat' dir='ltr'>hymnum:</span> <span class='ocrx_word' id='word_1_67' title='bbox 542 1293 592 1365; x_wconf 87' lang='lat' dir='ltr'>Te</span> <span class='ocrx_word' id='word_1_68' title='bbox 614 1294 725 1366; x_wconf 85' lang='lat' dir='ltr'>Deum</span> <span class='ocrx_word' id='word_1_69' title='bbox 743 1295 929 1369; x_wconf 81' lang='lat' dir='ltr'>laudamus.</span> <span class='ocrx_word' id='word_1_70' title='bbox 966 1306 1022 1381; x_wconf 81' lang='lat' dir='ltr'>Qui</span> <span class='ocrx_word' id='word_1_71' title='bbox 1038 1315 1117 1369; x_wconf 89' lang='lat' dir='ltr'>totus</span> <span class='ocrx_word' id='word_1_72' title='bbox 1133 1305 1248 1384; x_wconf 85' lang='lat' dir='ltr'>dicitnr,</span> <span class='ocrx_word' id='word_1_73' title='bbox 1262 1299 1320 1388; x_wconf 81' lang='lat' dir='ltr'>quo</span> <span class='ocrx_word' id='word_1_74' title='bbox 1336 1309 1456 1388; x_wconf 87' lang='lat' dir='ltr'>incepto</span> 
     </span>
     <span class='ocr_line' id='line_1_10' title="bbox 143 1405 1545 1499; baseline 0.003 -32"><span class='ocrx_word' id='word_1_75' title='bbox 143 1406 390 1488; x_wconf 77' lang='lat' dir='ltr'>Metropolitanus</span> <span class='ocrx_word' id='word_1_76' title='bbox 404 1406 518 1469; x_wconf 86' lang='lat' dir='ltr'>accedit</span> <span class='ocrx_word' id='word_1_77' title='bbox 533 1407 568 1468; x_wconf 92' lang='lat' dir='ltr'>ad</span> <span class='ocrx_word' id='word_1_78' title='bbox 583 1406 734 1468; x_wconf 90' lang='lat' dir='ltr'>dexteram</span> <span class='ocrx_word' id='word_1_79' title='bbox 749 1405 853 1485; x_wconf 83' lang='lat' dir='ltr'>Regis,</span> <span class='ocrx_word' id='word_1_80' title='bbox 867 1407 908 1469; x_wconf 92' lang='lat' dir='ltr'>ibi</span> <span class='ocrx_word' id='word_1_81' title='bbox 923 1410 1064 1471; x_wconf 86' lang='lat' dir='ltr'>continuo</span> <span class='ocrx_word' id='word_1_82' title='bbox 1077 1425 1197 1470; x_wconf 87' lang='lat' dir='ltr'>manens</span> <span class='ocrx_word' id='word_1_83' title='bbox 1212 1409 1355 1490; x_wconf 89' lang='lat' dir='ltr'>usquead</span> <span class='ocrx_word' id='word_1_84' title='bbox 1370 1411 1457 1471; x_wconf 89' lang='lat' dir='ltr'>linem</span> <span class='ocrx_word' id='word_1_85' title='bbox 1541 1488 1545 1499; x_wconf 33' lang='grc' dir='ltr'>Ι</span> 
     </span>
     <span class='ocr_line' id='line_1_11' title="bbox 144 1507 1457 1589; baseline 0.005 -20"><span class='ocrx_word' id='word_1_86' title='bbox 144 1509 263 1588; x_wconf 75' lang='lat' dir='ltr'>hymni,</span> <span class='ocrx_word' id='word_1_87' title='bbox 279 1519 308 1570; x_wconf 89' lang='lat' dir='ltr'>et</span> <span class='ocrx_word' id='word_1_88' title='bbox 323 1526 360 1570; x_wconf 87' lang='lat' dir='ltr'>eo</span> <span class='ocrx_word' id='word_1_89' title='bbox 376 1509 458 1570; x_wconf 92' lang='lat' dir='ltr'>llnito</span> <span class='ocrx_word' id='word_1_90' title='bbox 471 1507 719 1588; x_wconf 77' lang='lat' dir='ltr'>Metropolitanus</span> <span class='ocrx_word' id='word_1_91' title='bbox 737 1518 818 1570; x_wconf 89' lang='lat' dir='ltr'>stans</span> <span class='ocrx_word' id='word_1_92' title='bbox 833 1519 863 1570; x_wconf 89' lang='lat' dir='ltr'>ut</span> <span class='ocrx_word' id='word_1_93' title='bbox 878 1511 958 1589; x_wconf 87' lang='lat' dir='ltr'>prius</span> <span class='ocrx_word' id='word_1_94' title='bbox 972 1510 1007 1571; x_wconf 90' lang='lat' dir='ltr'>ad</span> <span class='ocrx_word' id='word_1_95' title='bbox 1022 1512 1173 1573; x_wconf 88' lang='lat' dir='ltr'>dexteram</span> <span class='ocrx_word' id='word_1_96' title='bbox 1186 1509 1359 1588; x_wconf 79' lang='lat' dir='ltr'>liegis&#39;siue</span> <span class='ocrx_word' id='word_1_97' title='bbox 1371 1514 1457 1576; x_wconf 84' lang='lat' dir='ltr'>mitra</span> 
     </span>
     <span class='ocr_line' id='line_1_12' title="bbox 144 1600 1454 1691; baseline 0.004 -19"><span class='ocrx_word' id='word_1_98' title='bbox 144 1611 216 1673; x_wconf 80' lang='lat' dir='ltr'>diets</span> <span class='ocrx_word' id='word_1_99' title='bbox 229 1628 320 1691; x_wconf 81' lang='lat' dir='ltr'>anper</span> <span class='ocrx_word' id='word_1_100' title='bbox 332 1609 414 1671; x_wconf 83' lang='lat' dir='ltr'>illum</span> <span class='ocrx_word' id='word_1_101' title='bbox 428 1629 549 1674; x_wconf 84' lang='lat' dir='ltr'>versus:</span> <span class='ocrx_word' id='word_1_102' title='bbox 569 1600 739 1674; x_wconf 89' lang='lat' dir='ltr'>Firmetur</span> <span class='ocrx_word' id='word_1_103' title='bbox 759 1624 877 1676; x_wconf 89' lang='lat' dir='ltr'>manus</span> <span class='ocrx_word' id='word_1_104' title='bbox 897 1611 955 1673; x_wconf 93' lang='lat' dir='ltr'>tua</span> <span class='ocrx_word' id='word_1_105' title='bbox 977 1612 1012 1674; x_wconf 90' lang='lat' dir='ltr'>et</span> <span class='ocrx_word' id='word_1_106' title='bbox 1032 1604 1203 1676; x_wconf 81' lang='lat' dir='ltr'>exaltetur</span> <span class='ocrx_word' id='word_1_107' title='bbox 1223 1604 1367 1677; x_wconf 83' lang='lat' dir='ltr'>dextera</span> <span class='ocrx_word' id='word_1_108' title='bbox 1387 1615 1454 1678; x_wconf 90' lang='lat' dir='ltr'>tua.</span> 
     </span>
     <span class='ocr_line' id='line_1_13' title="bbox 143 1702 1453 1799; baseline 0.003 -26"><span class='ocrx_word' id='word_1_109' title='bbox 143 1709 186 1795; x_wconf 67' lang='lat' dir='ltr'>lh.</span> <span class='ocrx_word' id='word_1_110' title='bbox 219 1702 350 1777; x_wconf 90' lang='lat' dir='ltr'>Iustitia</span> <span class='ocrx_word' id='word_1_111' title='bbox 387 1712 420 1774; x_wconf 92' lang='lat' dir='ltr'>et</span> <span class='ocrx_word' id='word_1_112' title='bbox 452 1703 613 1775; x_wconf 89' lang='lat' dir='ltr'>iudicium</span> <span class='ocrx_word' id='word_1_113' title='bbox 645 1706 860 1799; x_wconf 91' lang='lat' dir='ltr'>praeparatio</span> <span class='ocrx_word' id='word_1_114' title='bbox 887 1704 979 1780; x_wconf 89' lang='lat' dir='ltr'>sedis</span> <span class='ocrx_word' id='word_1_115' title='bbox 1006 1714 1094 1778; x_wconf 87' lang='lat' dir='ltr'>tuae.</span> <span class='ocrx_word' id='word_1_116' title='bbox 1143 1705 1292 1778; x_wconf 88' lang='lat' dir='ltr'>Domine</span> <span class='ocrx_word' id='word_1_117' title='bbox 1318 1707 1453 1784; x_wconf 89' lang='lat' dir='ltr'>exaudi.</span> 
     </span>
     <span class='ocr_line' id='line_1_14' title="bbox 143 1805 864 1879; baseline 0 -2"><span class='ocrx_word' id='word_1_118' title='bbox 143 1805 349 1879; x_wconf 87' lang='lat' dir='ltr'>Etclamor.</span> <span class='ocrx_word' id='word_1_119' title='bbox 389 1805 558 1879; x_wconf 88' lang='lat' dir='ltr'>Dominus</span> <span class='ocrx_word' id='word_1_120' title='bbox 580 1805 660 1879; x_wconf 85' lang='lat' dir='ltr'>vob.</span> <span class='ocrx_word' id='word_1_121' title='bbox 707 1805 753 1878; x_wconf 89' lang='lat' dir='ltr'>Et</span> <span class='ocrx_word' id='word_1_122' title='bbox 779 1829 864 1878; x_wconf 91' lang='lat' dir='ltr'>cum.</span> 
     </span>
    </p>

    <p class='ocr_par' dir='ltr' id='par_1_6' title="bbox 144 1906 1569 2108">
     <span class='ocr_line' id='line_1_15' title="bbox 145 1906 1569 2005; baseline 0.001 -25"><span class='ocrx_word' id='word_1_123' title='bbox 145 1964 149 1968; x_wconf 83' lang='lat'>.</span> <span class='ocrx_word' id='word_1_124' title='bbox 247 1906 403 1982; x_wconf 85' lang='lat' dir='ltr'>Oramus.</span> <span class='ocrx_word' id='word_1_125' title='bbox 436 1909 531 1983; x_wconf 89' lang='lat' dir='ltr'>Deus</span> <span class='ocrx_word' id='word_1_126' title='bbox 555 1911 612 2004; x_wconf 90' lang='lat' dir='ltr'>qui</span> <span class='ocrx_word' id='word_1_127' title='bbox 631 1912 792 1984; x_wconf 83' lang='lat' dir='ltr'>victrices</span> <span class='ocrx_word' id='word_1_128' title='bbox 805 1907 921 2005; x_wconf 80' lang='lat' dir='ltr'>Moysi</span> <span class='ocrx_word' id='word_1_129' title='bbox 940 1932 1059 1984; x_wconf 89' lang='lat' dir='ltr'>manus</span> <span class='ocrx_word' id='word_1_130' title='bbox 1081 1910 1116 1981; x_wconf 90' lang='lat' dir='ltr'>in</span> <span class='ocrx_word' id='word_1_131' title='bbox 1130 1911 1285 1982; x_wconf 89' lang='lat' dir='ltr'>oratione</span> <span class='ocrx_word' id='word_1_132' title='bbox 1302 1908 1454 2001; x_wconf 86' lang='lat' dir='ltr'>firmasti,</span> <span class='ocrx_word' id='word_1_133' title='bbox 1567 1937 1569 1941; x_wconf 65' lang='grc'>’</span> 
     </span>
     <span class='ocr_line' id='line_1_16' title="bbox 144 2011 1455 2108; baseline -0.001 -24"><span class='ocrx_word' id='word_1_134' title='bbox 144 2013 202 2108; x_wconf 90' lang='lat' dir='ltr'>qui</span> <span class='ocrx_word' id='word_1_135' title='bbox 228 2014 382 2106; x_wconf 85' lang='lat' dir='ltr'>quamvis</span> <span class='ocrx_word' id='word_1_136' title='bbox 409 2021 521 2083; x_wconf 89' lang='lat' dir='ltr'>aetate</span> <span class='ocrx_word' id='word_1_137' title='bbox 546 2012 807 2104; x_wconf 77' lang='lat' dir='ltr'>languesceret,</span> <span class='ocrx_word' id='word_1_138' title='bbox 840 2011 1042 2106; x_wconf 83' lang='lat' dir='ltr'>infatigabili</span> <span class='ocrx_word' id='word_1_139' title='bbox 1066 2014 1243 2087; x_wconf 83' lang='lat' dir='ltr'>sanctitate</span> <span class='ocrx_word' id='word_1_140' title='bbox 1257 2011 1455 2108; x_wconf 77' lang='lat' dir='ltr'>pugnabat,</span> 
     </span>
    </p>

    <p class='ocr_par' dir='ltr' id='par_1_7' title="bbox 142 2113 1454 2211">
     <span class='ocr_line' id='line_1_17' title="bbox 142 2113 1454 2211; baseline 0.002 -25"><span class='ocrx_word' id='word_1_141' title='bbox 142 2124 179 2186; x_wconf 90' lang='lat' dir='ltr'>ut</span> <span class='ocrx_word' id='word_1_142' title='bbox 206 2114 285 2186; x_wconf 88' lang='lat' dir='ltr'>dum</span> <span class='ocrx_word' id='word_1_143' title='bbox 307 2113 476 2187; x_wconf 87' lang='lat' dir='ltr'>Amalech</span> <span class='ocrx_word' id='word_1_144' title='bbox 501 2116 636 2210; x_wconf 89' lang='lat' dir='ltr'>iniquus</span> <span class='ocrx_word' id='word_1_145' title='bbox 663 2117 827 2206; x_wconf 85' lang='lat' dir='ltr'>vincitur,</span> <span class='ocrx_word' id='word_1_146' title='bbox 843 2166 845 2170; x_wconf 88' lang='lat'><em>-</em></span> <span class='ocrx_word' id='word_1_147' title='bbox 861 2115 940 2186; x_wconf 86' lang='lat' dir='ltr'>dum</span> <span class='ocrx_word' id='word_1_148' title='bbox 965 2115 1129 2211; x_wconf 82' lang='lat' dir='ltr'>profanus</span> <span class='ocrx_word' id='word_1_149' title='bbox 1151 2118 1324 2187; x_wconf 91' lang='lat' dir='ltr'>nationum</span> <span class='ocrx_word' id='word_1_150' title='bbox 1339 2137 1454 2211; x_wconf 90' lang='lat' dir='ltr'>popu-</span> 
     </span>
    </p>

    <p class='ocr_par' dir='ltr' id='par_1_8' title="bbox 124 2215 1492 2721">
     <span class='ocr_line' id='line_1_18' title="bbox 124 2215 1453 2314; baseline 0.006 -26"><span class='ocrx_word' id='word_1_151' title='bbox 124 2217 196 2290; x_wconf 89' lang='lat' dir='ltr'>lus</span> <span class='ocrx_word' id='word_1_152' title='bbox 223 2215 435 2309; x_wconf 90' lang='lat' dir='ltr'>subiugatur,</span> <span class='ocrx_word' id='word_1_153' title='bbox 465 2219 698 2289; x_wconf 86' lang='lat' dir='ltr'>exterminetis</span> <span class='ocrx_word' id='word_1_154' title='bbox 725 2217 928 2312; x_wconf 85' lang='lat' dir='ltr'>alienigenis</span> <span class='ocrx_word' id='word_1_155' title='bbox 950 2217 1150 2290; x_wconf 88' lang='lat' dir='ltr'>haereditati</span> <span class='ocrx_word' id='word_1_156' title='bbox 1175 2227 1255 2290; x_wconf 89' lang='lat' dir='ltr'>tuae</span> <span class='ocrx_word' id='word_1_157' title='bbox 1277 2220 1453 2314; x_wconf 81' lang='lat' dir='ltr'>possessio.</span> 
     </span>
     <span class='ocr_line' id='line_1_19' title="bbox 143 2320 1492 2416; baseline 0.007 -27"><span class='ocrx_word' id='word_1_158' title='bbox 143 2320 284 2414; x_wconf 91' lang='lat' dir='ltr'>copiosa</span> <span class='ocrx_word' id='word_1_159' title='bbox 304 2321 464 2407; x_wconf 84' lang='lat' dir='ltr'>serviret,</span> <span class='ocrx_word' id='word_1_160' title='bbox 487 2341 587 2414; x_wconf 89' lang='lat' dir='ltr'>opus,</span> <span class='ocrx_word' id='word_1_161' title='bbox 607 2341 764 2391; x_wconf 87' lang='lat' dir='ltr'>manuum</span> <span class='ocrx_word' id='word_1_162' title='bbox 785 2330 919 2392; x_wconf 91' lang='lat' dir='ltr'>tuarum</span> <span class='ocrx_word' id='word_1_163' title='bbox 936 2321 990 2415; x_wconf 91' lang='lat' dir='ltr'>pia</span> <span class='ocrx_word' id='word_1_164' title='bbox 1008 2329 1148 2394; x_wconf 90' lang='lat' dir='ltr'>nostrae</span> <span class='ocrx_word' id='word_1_165' title='bbox 1166 2322 1331 2393; x_wconf 88' lang='lat' dir='ltr'>orationis</span> <span class='ocrx_word' id='word_1_166' title='bbox 1348 2343 1454 2399; x_wconf 66' lang='lat' dir='ltr'>exaue</span> <span class='ocrx_word' id='word_1_167' title='bbox 1486 2407 1492 2416; x_wconf 17' lang='grc' dir='ltr'><strong>Ἰ</strong></span> 
     </span>
     <span class='ocr_line' id='line_1_20' title="bbox 142 2418 1454 2518; baseline -0.001 -25"><span class='ocrx_word' id='word_1_168' title='bbox 142 2422 270 2493; x_wconf 86' lang='lat' dir='ltr'>ditione</span> <span class='ocrx_word' id='word_1_169' title='bbox 292 2418 471 2493; x_wconf 86' lang='lat' dir='ltr'>conhr‘ma:</span> <span class='ocrx_word' id='word_1_170' title='bbox 504 2420 666 2495; x_wconf 89' lang='lat' dir='ltr'>hahemus</span> <span class='ocrx_word' id='word_1_171' title='bbox 689 2431 723 2493; x_wconf 91' lang='lat' dir='ltr'>et</span> <span class='ocrx_word' id='word_1_172' title='bbox 743 2443 808 2495; x_wconf 89' lang='lat' dir='ltr'>nos</span> <span class='ocrx_word' id='word_1_173' title='bbox 830 2421 919 2518; x_wconf 89' lang='lat' dir='ltr'>apud</span> <span class='ocrx_word' id='word_1_174' title='bbox 940 2431 975 2493; x_wconf 91' lang='lat' dir='ltr'>te</span> <span class='ocrx_word' id='word_1_175' title='bbox 995 2430 1112 2496; x_wconf 88' lang='lat' dir='ltr'>sancte</span> <span class='ocrx_word' id='word_1_176' title='bbox 1134 2420 1248 2511; x_wconf 87' lang='lat' dir='ltr'>Pater,</span> <span class='ocrx_word' id='word_1_177' title='bbox 1270 2422 1454 2501; x_wconf 87' lang='lat' dir='ltr'>Dominum</span> 
     </span>
     <span class='ocr_line' id='line_1_21' title="bbox 142 2521 1453 2620; baseline 0.001 -26"><span class='ocrx_word' id='word_1_178' title='bbox 142 2522 373 2612; x_wconf 77' lang='lat' dir='ltr'>salvatorem,</span> <span class='ocrx_word' id='word_1_179' title='bbox 394 2525 451 2617; x_wconf 92' lang='lat' dir='ltr'>qui</span> <span class='ocrx_word' id='word_1_180' title='bbox 470 2545 533 2617; x_wconf 94' lang='lat' dir='ltr'>pro</span> <span class='ocrx_word' id='word_1_181' title='bbox 555 2521 655 2598; x_wconf 91' lang='lat' dir='ltr'>nobis</span> <span class='ocrx_word' id='word_1_182' title='bbox 673 2546 792 2597; x_wconf 87' lang='lat' dir='ltr'>manus</span> <span class='ocrx_word' id='word_1_183' title='bbox 814 2546 894 2598; x_wconf 89' lang='lat' dir='ltr'>suas</span> <span class='ocrx_word' id='word_1_184' title='bbox 912 2524 1067 2597; x_wconf 85' lang='lat' dir='ltr'>extendit</span> <span class='ocrx_word' id='word_1_185' title='bbox 1083 2526 1119 2595; x_wconf 93' lang='lat' dir='ltr'>in</span> <span class='ocrx_word' id='word_1_186' title='bbox 1137 2545 1254 2614; x_wconf 89' lang='lat' dir='ltr'>cruce,</span> <span class='ocrx_word' id='word_1_187' title='bbox 1271 2546 1334 2619; x_wconf 93' lang='lat' dir='ltr'>per</span> <span class='ocrx_word' id='word_1_188' title='bbox 1352 2546 1453 2620; x_wconf 82' lang='lat' dir='ltr'>quem</span> 
     </span>
     <span class='ocr_line' id='line_1_22' title="bbox 142 2625 1453 2721; baseline 0.001 -24"><span class='ocrx_word' id='word_1_189' title='bbox 142 2629 245 2698; x_wconf 89' lang='lat' dir='ltr'>etiam</span> <span class='ocrx_word' id='word_1_190' title='bbox 266 2647 460 2720; x_wconf 91' lang='lat' dir='ltr'>precamur,</span> <span class='ocrx_word' id='word_1_191' title='bbox 483 2625 660 2716; x_wconf 72' lang='lat' dir='ltr'>altissime,</span> <span class='ocrx_word' id='word_1_192' title='bbox 677 2635 715 2698; x_wconf 95' lang='lat' dir='ltr'>ut</span> <span class='ocrx_word' id='word_1_193' title='bbox 729 2637 785 2699; x_wconf 88' lang='lat' dir='ltr'>tua</span> <span class='ocrx_word' id='word_1_194' title='bbox 803 2628 954 2721; x_wconf 91' lang='lat' dir='ltr'>potentia</span> <span class='ocrx_word' id='word_1_195' title='bbox 973 2626 1193 2720; x_wconf 84' lang='lat' dir='ltr'>suffragante,</span> <span class='ocrx_word' id='word_1_196' title='bbox 1212 2629 1453 2701; x_wconf 89' lang='lat' dir='ltr'>universorum</span> 
     </span>
    </p>

    <p class='ocr_par' dir='ltr' id='par_1_9' title="bbox 91 2727 1452 2911">
     <span class='ocr_line' id='line_1_23' title="bbox 91 2727 1452 2824; baseline 0 -24"><span class='ocrx_word' id='word_1_197' title='bbox 91 2780 97 2789; x_wconf 75' lang='lat'><em>-</em></span> <span class='ocrx_word' id='word_1_198' title='bbox 140 2729 289 2803; x_wconf 89' lang='lat' dir='ltr'>hostium</span> <span class='ocrx_word' id='word_1_199' title='bbox 314 2727 492 2820; x_wconf 82' lang='lat' dir='ltr'>frangatur</span> <span class='ocrx_word' id='word_1_200' title='bbox 514 2731 689 2823; x_wconf 87' lang='lat' dir='ltr'>impietas,</span> <span class='ocrx_word' id='word_1_201' title='bbox 715 2728 932 2824; x_wconf 90' lang='lat' dir='ltr'>populusque</span> <span class='ocrx_word' id='word_1_202' title='bbox 956 2737 1052 2819; x_wconf 83' lang='lat' dir='ltr'>tuus,</span> <span class='ocrx_word' id='word_1_203' title='bbox 1080 2739 1236 2810; x_wconf 86' lang='lat' dir='ltr'>cessante</span> <span class='ocrx_word' id='word_1_204' title='bbox 1257 2728 1452 2818; x_wconf 90' lang='lat' dir='ltr'>formidine,</span> 
     </span>
     <span class='ocr_line' id='line_1_24' title="bbox 139 2831 1068 2911; baseline -0.003 -6"><span class='ocrx_word' id='word_1_205' title='bbox 139 2841 174 2905; x_wconf 86' lang='lat' dir='ltr'>te</span> <span class='ocrx_word' id='word_1_206' title='bbox 196 2831 308 2906; x_wconf 87' lang='lat' dir='ltr'>solum</span> <span class='ocrx_word' id='word_1_207' title='bbox 330 2832 452 2911; x_wconf 86' lang='lat' dir='ltr'>timere</span> <span class='ocrx_word' id='word_1_208' title='bbox 474 2831 658 2905; x_wconf 89' lang='lat' dir='ltr'>condiscat.</span> <span class='ocrx_word' id='word_1_209' title='bbox 701 2831 768 2904; x_wconf 91' lang='lat' dir='ltr'>Per</span> <span class='ocrx_word' id='word_1_210' title='bbox 790 2831 944 2902; x_wconf 90' lang='lat' dir='ltr'>eundem.</span> <span class='ocrx_word' id='word_1_211' title='bbox 1063 2862 1068 2877; x_wconf 59' lang='grc' dir='ltr'><strong>ι</strong></span> 
     </span>
    </p>

    <p class='ocr_par' dir='ltr' id='par_1_10' title="bbox 137 2932 1499 4463">
     <span class='ocr_line' id='line_1_25' title="bbox 243 2932 1451 3024; baseline 0 -18"><span class='ocrx_word' id='word_1_212' title='bbox 243 2932 400 3008; x_wconf 89' lang='lat' dir='ltr'>0remus.</span> <span class='ocrx_word' id='word_1_213' title='bbox 454 2934 549 3008; x_wconf 90' lang='lat' dir='ltr'>Deus</span> <span class='ocrx_word' id='word_1_214' title='bbox 575 2933 825 3024; x_wconf 90' lang='lat' dir='ltr'>inenarrabilis,</span> <span class='ocrx_word' id='word_1_215' title='bbox 847 2945 966 3007; x_wconf 90' lang='lat' dir='ltr'>auctor</span> <span class='ocrx_word' id='word_1_216' title='bbox 991 2932 1120 3024; x_wconf 89' lang='lat' dir='ltr'>mundi,</span> <span class='ocrx_word' id='word_1_217' title='bbox 1139 2932 1296 3009; x_wconf 91' lang='lat' dir='ltr'>conditor</span> <span class='ocrx_word' id='word_1_218' title='bbox 1311 2933 1451 3024; x_wconf 82' lang='lat' dir='ltr'>generis</span> 
     </span>
     <span class='ocr_line' id='line_1_26' title="bbox 140 3034 1450 3132; baseline 0.004 -26"><span class='ocrx_word' id='word_1_219' title='bbox 140 3035 296 3124; x_wconf 85' lang='lat' dir='ltr'>humanri,</span> <span class='ocrx_word' id='word_1_220' title='bbox 324 3036 541 3108; x_wconf 88' lang='lat' dir='ltr'>confirmator</span> <span class='ocrx_word' id='word_1_221' title='bbox 567 3040 679 3130; x_wconf 92' lang='lat' dir='ltr'>regni,</span> <span class='ocrx_word' id='word_1_222' title='bbox 703 3040 829 3132; x_wconf 85' lang='lat' dir='ltr'>quiex</span> <span class='ocrx_word' id='word_1_223' title='bbox 850 3047 950 3109; x_wconf 91' lang='lat' dir='ltr'>utero</span> <span class='ocrx_word' id='word_1_224' title='bbox 976 3035 1087 3113; x_wconf 88' lang='lat' dir='ltr'>fidelis</span> <span class='ocrx_word' id='word_1_225' title='bbox 1114 3038 1213 3109; x_wconf 88' lang='lat' dir='ltr'>amici</span> <span class='ocrx_word' id='word_1_226' title='bbox 1237 3037 1287 3108; x_wconf 91' lang='lat' dir='ltr'>tui</span> <span class='ocrx_word' id='word_1_227' title='bbox 1308 3034 1450 3128; x_wconf 73' lang='lat' dir='ltr'>patriar.-</span> 
     </span>
     <span class='ocr_line' id='line_1_27' title="bbox 141 3135 1450 3235; baseline -0.002 -30"><span class='ocrx_word' id='word_1_228' title='bbox 141 3135 228 3205; x_wconf 89' lang='lat' dir='ltr'>chae</span> <span class='ocrx_word' id='word_1_229' title='bbox 257 3140 367 3208; x_wconf 90' lang='lat' dir='ltr'>nostri</span> <span class='ocrx_word' id='word_1_230' title='bbox 387 3139 550 3209; x_wconf 85' lang='lat' dir='ltr'>Abrahae</span> <span class='ocrx_word' id='word_1_231' title='bbox 576 3138 798 3233; x_wconf 87' lang='lat' dir='ltr'>praeelegisti</span> <span class='ocrx_word' id='word_1_232' title='bbox 818 3140 965 3232; x_wconf 89' lang='lat' dir='ltr'>Regem·</span> <span class='ocrx_word' id='word_1_233' title='bbox 980 3140 1128 3214; x_wconf 89' lang='lat' dir='ltr'>saeculis</span> <span class='ocrx_word' id='word_1_234' title='bbox 1150 3138 1380 3235; x_wconf 87' lang='lat' dir='ltr'>profuturum,</span> <span class='ocrx_word' id='word_1_235' title='bbox 1413 3143 1450 3205; x_wconf 90' lang='lat' dir='ltr'>tu</span> 
     </span>
     <span class='ocr_line' id='line_1_28' title="bbox 140 3237 1449 3334; baseline 0.002 -27"><span class='ocrx_word' id='word_1_236' title='bbox 140 3247 356 3333; x_wconf 90' lang='lat' dir='ltr'>praesentem</span> <span class='ocrx_word' id='word_1_237' title='bbox 385 3241 553 3330; x_wconf 90' lang='lat' dir='ltr'>insignem</span> <span class='ocrx_word' id='word_1_238' title='bbox 572 3239 706 3332; x_wconf 90' lang='lat' dir='ltr'>Regem</span> <span class='ocrx_word' id='word_1_239' title='bbox 728 3241 817 3311; x_wconf 90' lang='lat' dir='ltr'>hunc</span> <span class='ocrx_word' id='word_1_240' title='bbox 838 3264 915 3313; x_wconf 91' lang='lat' dir='ltr'>cum</span> <span class='ocrx_word' id='word_1_241' title='bbox 937 3244 1093 3313; x_wconf 88' lang='lat' dir='ltr'>exercitu</span> <span class='ocrx_word' id='word_1_242' title='bbox 1117 3262 1181 3316; x_wconf 91' lang='lat' dir='ltr'>suo</span> <span class='ocrx_word' id='word_1_243' title='bbox 1202 3260 1265 3334; x_wconf 91' lang='lat' dir='ltr'>per</span> <span class='ocrx_word' id='word_1_244' title='bbox 1285 3237 1449 3310; x_wconf 82' lang='lat' dir='ltr'>interces-</span> 
     </span>
     <span class='ocr_line' id='line_1_29' title="bbox 139 3334 1448 3434; baseline -0.004 -20"><span class='ocrx_word' id='word_1_245' title='bbox 139 3343 272 3414; x_wconf 90' lang='lat' dir='ltr'>sionem</span> <span class='ocrx_word' id='word_1_246' title='bbox 298 3339 419 3412; x_wconf 91' lang='lat' dir='ltr'>beatae</span> <span class='ocrx_word' id='word_1_247' title='bbox 441 3339 571 3411; x_wconf 89' lang='lat' dir='ltr'>Mariae</span> <span class='ocrx_word' id='word_1_248' title='bbox 593 3343 737 3433; x_wconf 89' lang='lat' dir='ltr'>virginis</span> <span class='ocrx_word' id='word_1_249' title='bbox 760 3350 794 3413; x_wconf 88' lang='lat' dir='ltr'>et</span> <span class='ocrx_word' id='word_1_250' title='bbox 814 3345 963 3413; x_wconf 92' lang='lat' dir='ltr'>omnium</span> <span class='ocrx_word' id='word_1_251' title='bbox 983 3341 1185 3416; x_wconf 85' lang='lat' dir='ltr'>Sanctorum</span> <span class='ocrx_word' id='word_1_252' title='bbox 1203 3339 1301 3409; x_wconf 93' lang='lat' dir='ltr'>uberi</span> <span class='ocrx_word' id='word_1_253' title='bbox 1319 3334 1448 3434; x_wconf 64' lang='lat' dir='ltr'>benet·</span> 
     </span>
     <span class='ocr_line' id='line_1_30' title="bbox 140 3443 1446 3540; baseline 0.001 -26"><span class='ocrx_word' id='word_1_254' title='bbox 140 3443 288 3514; x_wconf 90' lang='lat' dir='ltr'>dictione</span> <span class='ocrx_word' id='word_1_255' title='bbox 310 3443 482 3540; x_wconf 91' lang='lat' dir='ltr'>locupleta</span> <span class='ocrx_word' id='word_1_256' title='bbox 505 3453 538 3514; x_wconf 89' lang='lat' dir='ltr'>et</span> <span class='ocrx_word' id='word_1_257' title='bbox 558 3445 593 3513; x_wconf 90' lang='lat' dir='ltr'>in</span> <span class='ocrx_word' id='word_1_258' title='bbox 614 3444 739 3517; x_wconf 91' lang='lat' dir='ltr'>solium</span> <span class='ocrx_word' id='word_1_259' title='bbox 756 3447 856 3537; x_wconf 88' lang='lat' dir='ltr'>regni</span> <span class='ocrx_word' id='word_1_260' title='bbox 873 3443 968 3516; x_wconf 89' lang='lat' dir='ltr'>firma</span> <span class='ocrx_word' id='word_1_261' title='bbox 993 3443 1174 3518; x_wconf 89' lang='lat' dir='ltr'>stabilitate</span> <span class='ocrx_word' id='word_1_262' title='bbox 1195 3448 1374 3530; x_wconf 78' lang='lat' dir='ltr'>connecte,</span> <span class='ocrx_word' id='word_1_263' title='bbox 1396 3444 1446 3515; x_wconf 90' lang='lat' dir='ltr'>vi-</span> 
     </span>
     <span class='ocr_line' id='line_1_31' title="bbox 139 3532 1447 3642; baseline -0.001 -23"><span class='ocrx_word' id='word_1_264' title='bbox 139 3547 204 3621; x_wconf 85' lang='lat' dir='ltr'>sita</span> <span class='ocrx_word' id='word_1_265' title='bbox 228 3567 318 3636; x_wconf 94' lang='lat' dir='ltr'>eum,</span> <span class='ocrx_word' id='word_1_266' title='bbox 341 3532 428 3619; x_wconf 85' lang='lat' dir='ltr'>sicut</span> <span class='ocrx_word' id='word_1_267' title='bbox 451 3548 594 3619; x_wconf 88' lang='lat' dir='ltr'>visitasti</span> <span class='ocrx_word' id='word_1_268' title='bbox 615 3544 767 3642; x_wconf 74' lang='lat' dir='ltr'>Moysen</span> <span class='ocrx_word' id='word_1_269' title='bbox 784 3549 819 3618; x_wconf 90' lang='lat' dir='ltr'>in</span> <span class='ocrx_word' id='word_1_270' title='bbox 839 3546 939 3637; x_wconf 92' lang='lat' dir='ltr'>rubo,</span> <span class='ocrx_word' id='word_1_271' title='bbox 959 3545 1063 3620; x_wconf 91' lang='lat' dir='ltr'>Iosue</span> <span class='ocrx_word' id='word_1_272' title='bbox 1083 3547 1118 3614; x_wconf 90' lang='lat' dir='ltr'>in</span> <span class='ocrx_word' id='word_1_273' title='bbox 1140 3542 1291 3638; x_wconf 88' lang='lat' dir='ltr'>praelio,</span> <span class='ocrx_word' id='word_1_274' title='bbox 1313 3539 1447 3618; x_wconf 87' lang='lat' dir='ltr'>Gedeo·</span> 
     </span>
     <span class='ocr_line' id='line_1_32' title="bbox 138 3643 1447 3745; baseline 0 -26"><span class='ocrx_word' id='word_1_275' title='bbox 138 3651 275 3719; x_wconf 92' lang='lat' dir='ltr'>nemin</span> <span class='ocrx_word' id='word_1_276' title='bbox 301 3670 406 3742; x_wconf 90' lang='lat' dir='ltr'>agro,</span> <span class='ocrx_word' id='word_1_277' title='bbox 435 3645 630 3722; x_wconf 88' lang='lat' dir='ltr'>Samuelem</span> <span class='ocrx_word' id='word_1_278' title='bbox 652 3647 833 3745; x_wconf 90' lang='lat' dir='ltr'>intemplo</span> <span class='ocrx_word' id='word_1_279' title='bbox 861 3650 975 3722; x_wconf 82' lang='lat' dir='ltr'>stilla</span> <span class='ocrx_word' id='word_1_280' title='bbox 998 3668 1075 3719; x_wconf 92' lang='lat' dir='ltr'>eum</span> <span class='ocrx_word' id='word_1_281' title='bbox 1101 3645 1236 3718; x_wconf 89' lang='lat' dir='ltr'>siderea</span> <span class='ocrx_word' id='word_1_282' title='bbox 1257 3643 1447 3742; x_wconf 76' lang='lat' dir='ltr'>bene†di-</span> 
     </span>
     <span class='ocr_line' id='line_1_33' title="bbox 138 3747 1448 3849; baseline -0.002 -27"><span class='ocrx_word' id='word_1_283' title='bbox 138 3752 252 3822; x_wconf 89' lang='lat' dir='ltr'>ctione</span> <span class='ocrx_word' id='word_1_284' title='bbox 271 3774 312 3822; x_wconf 94' lang='lat' dir='ltr'>ac</span> <span class='ocrx_word' id='word_1_285' title='bbox 334 3754 520 3848; x_wconf 90' lang='lat' dir='ltr'>sapientiae</span> <span class='ocrx_word' id='word_1_286' title='bbox 541 3760 621 3823; x_wconf 91' lang='lat' dir='ltr'>tuae</span> <span class='ocrx_word' id='word_1_287' title='bbox 638 3775 719 3824; x_wconf 89' lang='lat' dir='ltr'>rore</span> <span class='ocrx_word' id='word_1_288' title='bbox 737 3750 905 3849; x_wconf 87' lang='lat' dir='ltr'>perfundo</span> <span class='ocrx_word' id='word_1_289' title='bbox 922 3773 1021 3849; x_wconf 88' lang='lat' dir='ltr'>quam</span> <span class='ocrx_word' id='word_1_290' title='bbox 1038 3748 1158 3822; x_wconf 88' lang='lat' dir='ltr'>beatus</span> <span class='ocrx_word' id='word_1_291' title='bbox 1175 3747 1288 3820; x_wconf 87' lang='lat' dir='ltr'>David</span> <span class='ocrx_word' id='word_1_292' title='bbox 1305 3751 1340 3819; x_wconf 92' lang='lat' dir='ltr'>in</span> <span class='ocrx_word' id='word_1_293' title='bbox 1355 3749 1448 3845; x_wconf 90' lang='lat' dir='ltr'>psal·</span> 
     </span>
     <span class='ocr_line' id='line_1_34' title="bbox 137 3846 1446 3949; baseline -0.002 -25"><span class='ocrx_word' id='word_1_294' title='bbox 137 3854 241 3942; x_wconf 86' lang='lat' dir='ltr'>tario,</span> <span class='ocrx_word' id='word_1_295' title='bbox 264 3849 429 3926; x_wconf 88' lang='lat' dir='ltr'>Salomon</span> <span class='ocrx_word' id='word_1_296' title='bbox 445 3852 533 3927; x_wconf 89' lang='lat' dir='ltr'>lilius</span> <span class='ocrx_word' id='word_1_297' title='bbox 553 3846 626 3928; x_wconf 79' lang='lat' dir='ltr'>ei&#39;us</span> <span class='ocrx_word' id='word_1_298' title='bbox 646 3864 680 3926; x_wconf 89' lang='lat' dir='ltr'>te</span> <span class='ocrx_word' id='word_1_299' title='bbox 697 3864 947 3942; x_wconf 90' lang='lat' dir='ltr'>remunerante,</span> <span class='ocrx_word' id='word_1_300' title='bbox 968 3853 1121 3949; x_wconf 88' lang='lat' dir='ltr'>percepit</span> <span class='ocrx_word' id='word_1_301' title='bbox 1140 3849 1182 3922; x_wconf 89' lang='lat' dir='ltr'>de</span> <span class='ocrx_word' id='word_1_302' title='bbox 1202 3846 1312 3924; x_wconf 91' lang='lat' dir='ltr'>coelo.</span> <span class='ocrx_word' id='word_1_303' title='bbox 1340 3848 1395 3925; x_wconf 87' lang='lat' dir='ltr'>Sis</span> <span class='ocrx_word' id='word_1_304' title='bbox 1413 3853 1446 3922; x_wconf 93' lang='lat' dir='ltr'>ei</span> 
     </span>
     <span class='ocr_line' id='line_1_35' title="bbox 139 3953 1446 4050; baseline -0.002 -24"><span class='ocrx_word' id='word_1_305' title='bbox 139 3965 259 4027; x_wconf 90' lang='lat' dir='ltr'>contra</span> <span class='ocrx_word' id='word_1_306' title='bbox 284 3956 378 4030; x_wconf 83' lang='lat' dir='ltr'>acies</span> <span class='ocrx_word' id='word_1_307' title='bbox 399 3959 611 4028; x_wconf 91' lang='lat' dir='ltr'>inimicorum</span> <span class='ocrx_word' id='word_1_308' title='bbox 631 3957 751 4049; x_wconf 91' lang='lat' dir='ltr'>lorica,</span> <span class='ocrx_word' id='word_1_309' title='bbox 769 3953 805 4028; x_wconf 91' lang='lat' dir='ltr'>in</span> <span class='ocrx_word' id='word_1_310' title='bbox 826 3953 981 4028; x_wconf 86' lang='lat' dir='ltr'>adversis</span> <span class='ocrx_word' id='word_1_311' title='bbox 1002 3953 1116 4048; x_wconf 89' lang='lat' dir='ltr'>galea,</span> <span class='ocrx_word' id='word_1_312' title='bbox 1139 3954 1174 4024; x_wconf 92' lang='lat' dir='ltr'>iu</span> <span class='ocrx_word' id='word_1_313' title='bbox 1194 3954 1369 4050; x_wconf 90' lang='lat' dir='ltr'>prosperis</span> <span class='ocrx_word' id='word_1_314' title='bbox 1391 3973 1446 4026; x_wconf 90' lang='lat' dir='ltr'>sa·</span> 
     </span>
     <span class='ocr_line' id='line_1_36' title="bbox 138 4054 1444 4157; baseline 0.001 -28"><span class='ocrx_word' id='word_1_315' title='bbox 138 4060 278 4154; x_wconf 90' lang='lat' dir='ltr'>pientia,</span> <span class='ocrx_word' id='word_1_316' title='bbox 300 4061 336 4129; x_wconf 92' lang='lat' dir='ltr'>in</span> <span class='ocrx_word' id='word_1_317' title='bbox 354 4062 571 4154; x_wconf 89' lang='lat' dir='ltr'>protectione</span> <span class='ocrx_word' id='word_1_318' title='bbox 595 4060 739 4155; x_wconf 78' lang='lat' dir='ltr'>clypeus</span> <span class='ocrx_word' id='word_1_319' title='bbox 762 4059 996 4153; x_wconf 88' lang='lat' dir='ltr'>sempiternus.</span> <span class='ocrx_word' id='word_1_320' title='bbox 1042 4054 1087 4128; x_wconf 86' lang='lat' dir='ltr'>Et</span> <span class='ocrx_word' id='word_1_321' title='bbox 1108 4064 1245 4152; x_wconf 90' lang='lat' dir='ltr'>praesta</span> <span class='ocrx_word' id='word_1_322' title='bbox 1265 4064 1303 4157; x_wconf 87' lang='lat' dir='ltr'>nt</span> <span class='ocrx_word' id='word_1_323' title='bbox 1322 4063 1444 4146; x_wconf 91' lang='lat' dir='ltr'>gentes</span> 
     </span>
     <span class='ocr_line' id='line_1_37' title="bbox 138 4158 1489 4258; baseline -0.003 -26"><span class='ocrx_word' id='word_1_324' title='bbox 138 4159 191 4232; x_wconf 92' lang='lat' dir='ltr'>illi</span> <span class='ocrx_word' id='word_1_325' title='bbox 210 4169 349 4234; x_wconf 88' lang='lat' dir='ltr'>teneant</span> <span class='ocrx_word' id='word_1_326' title='bbox 373 4160 486 4252; x_wconf 88' lang='lat' dir='ltr'>fidem,</span> <span class='ocrx_word' id='word_1_327' title='bbox 511 4184 677 4258; x_wconf 90' lang='lat' dir='ltr'>proceres</span> <span class='ocrx_word' id='word_1_328' title='bbox 696 4165 750 4237; x_wconf 89' lang='lat' dir='ltr'>sui</span> <span class='ocrx_word' id='word_1_329' title='bbox 770 4160 917 4256; x_wconf 90' lang='lat' dir='ltr'>habeant</span> <span class='ocrx_word' id='word_1_330' title='bbox 937 4180 1070 4257; x_wconf 92' lang='lat' dir='ltr'>pacem,</span> <span class='ocrx_word' id='word_1_331' title='bbox 1092 4158 1233 4252; x_wconf 89' lang='lat' dir='ltr'>diligant</span> <span class='ocrx_word' id='word_1_332' title='bbox 1258 4159 1444 4247; x_wconf 88' lang='lat' dir='ltr'>caritatem,</span> <span class='ocrx_word' id='word_1_333' title='bbox 1485 4165 1489 4171; x_wconf 83' lang='lat'>&#39;</span> 
     </span>
     <span class='ocr_line' id='line_1_38' title="bbox 139 4257 1444 4360; baseline -0.001 -26"><span class='ocrx_word' id='word_1_334' title='bbox 139 4261 331 4336; x_wconf 89' lang='lat' dir='ltr'>abstineant</span> <span class='ocrx_word' id='word_1_335' title='bbox 356 4284 394 4337; x_wconf 90' lang='lat' dir='ltr'>se</span> <span class='ocrx_word' id='word_1_336' title='bbox 421 4287 441 4334; x_wconf 91' lang='lat' dir='ltr'>a</span> <span class='ocrx_word' id='word_1_337' title='bbox 468 4265 667 4360; x_wconf 88' lang='lat' dir='ltr'>cupiditate,</span> <span class='ocrx_word' id='word_1_338' title='bbox 695 4265 877 4360; x_wconf 87' lang='lat' dir='ltr'>loquantur</span> <span class='ocrx_word' id='word_1_339' title='bbox 901 4265 1079 4360; x_wconf 87' lang='lat' dir='ltr'>iustitiam,</span> <span class='ocrx_word' id='word_1_340' title='bbox 1102 4257 1293 4335; x_wconf 83' lang='lat' dir='ltr'>cusrodiant</span> <span class='ocrx_word' id='word_1_341' title='bbox 1316 4261 1444 4350; x_wconf 77' lang='lat' dir='ltr'>uerita.-</span> 
     </span>
     <span class='ocr_line' id='line_1_39' title="bbox 140 4359 1499 4463; baseline -0.002 -26"><span class='ocrx_word' id='word_1_342' title='bbox 140 4373 210 4437; x_wconf 92' lang='lat' dir='ltr'>tem</span> <span class='ocrx_word' id='word_1_343' title='bbox 236 4374 271 4438; x_wconf 88' lang='lat' dir='ltr'>et</span> <span class='ocrx_word' id='word_1_344' title='bbox 296 4369 341 4438; x_wconf 91' lang='lat' dir='ltr'>ita</span> <span class='ocrx_word' id='word_1_345' title='bbox 359 4367 507 4463; x_wconf 90' lang='lat' dir='ltr'>populus</span> <span class='ocrx_word' id='word_1_346' title='bbox 532 4369 596 4440; x_wconf 90' lang='lat' dir='ltr'>iste</span> <span class='ocrx_word' id='word_1_347' title='bbox 623 4366 684 4441; x_wconf 88' lang='lat' dir='ltr'>sub</span> <span class='ocrx_word' id='word_1_348' title='bbox 706 4369 779 4440; x_wconf 91' lang='lat' dir='ltr'>eius</span> <span class='ocrx_word' id='word_1_349' title='bbox 800 4367 945 4460; x_wconf 91' lang='lat' dir='ltr'>imperio</span> <span class='ocrx_word' id='word_1_350' title='bbox 965 4365 1121 4461; x_wconf 85' lang='lat' dir='ltr'>pullulet,</span> <span class='ocrx_word' id='word_1_351' title='bbox 1142 4359 1285 4434; x_wconf 85' lang='lat' dir='ltr'>coalitus</span> <span class='ocrx_word' id='word_1_352' title='bbox 1303 4360 1443 4437; x_wconf 86' lang='lat' dir='ltr'>benedi·</span> <span class='ocrx_word' id='word_1_353' title='bbox 1497 4406 1499 4417; x_wconf 91' lang='lat'>·</span> 
     </span>
    </p>
   </div>
   <div class='ocr_carea' id='block_1_3' title="bbox 140 4464 1443 4779">
    <p class='ocr_par' dir='ltr' id='par_1_11' title="bbox 140 4464 1443 4779">
     <span class='ocr_line' id='line_1_40' title="bbox 140 4464 1443 4577; baseline 0 -39"><span class='ocrx_word' id='word_1_354' title='bbox 140 4469 255 4539; x_wconf 91' lang='lat' dir='ltr'>ctione</span> <span class='ocrx_word' id='word_1_355' title='bbox 282 4472 502 4561; x_wconf 88' lang='lat' dir='ltr'>aeternitatis,</span> <span class='ocrx_word' id='word_1_356' title='bbox 522 4477 560 4540; x_wconf 92' lang='lat' dir='ltr'>ut</span> <span class='ocrx_word' id='word_1_357' title='bbox 582 4491 717 4565; x_wconf 91' lang='lat' dir='ltr'>semper</span> <span class='ocrx_word' id='word_1_358' title='bbox 738 4468 958 4565; x_wconf 91' lang='lat' dir='ltr'>tripudiantes</span> <span class='ocrx_word' id='word_1_359' title='bbox 979 4473 1137 4539; x_wconf 90' lang='lat' dir='ltr'>maneant</span> <span class='ocrx_word' id='word_1_360' title='bbox 1161 4464 1196 4533; x_wconf 92' lang='lat' dir='ltr'>in</span> <span class='ocrx_word' id='word_1_361' title='bbox 1221 4484 1316 4577; x_wconf 63' lang='lat' dir='ltr'>pacex</span> <span class='ocrx_word' id='word_1_362' title='bbox 1330 4486 1370 4536; x_wconf 91' lang='lat' dir='ltr'>ac</span> <span class='ocrx_word' id='word_1_363' title='bbox 1391 4465 1443 4538; x_wconf 76' lang='lat' dir='ltr'>ul-</span> 
     </span>
     <span class='ocr_line' id='line_1_41' title="bbox 140 4566 1254 4670; baseline -0.005 -28"><span class='ocrx_word' id='word_1_364' title='bbox 140 4578 266 4644; x_wconf 91' lang='lat' dir='ltr'>ctores.</span> <span class='ocrx_word' id='word_1_365' title='bbox 320 4569 420 4656; x_wconf 85' lang='lat' dir='ltr'>Quod</span> <span class='ocrx_word' id='word_1_366' title='bbox 445 4575 520 4670; x_wconf 91' lang='lat' dir='ltr'>ipse</span> <span class='ocrx_word' id='word_1_367' title='bbox 544 4583 721 4669; x_wconf 87' lang='lat' dir='ltr'>praestare</span> <span class='ocrx_word' id='word_1_368' title='bbox 741 4571 918 4665; x_wconf 87' lang='lat' dir='ltr'>dignetur,</span> <span class='ocrx_word' id='word_1_369' title='bbox 944 4573 1001 4665; x_wconf 90' lang='lat' dir='ltr'>qui</span> <span class='ocrx_word' id='word_1_370' title='bbox 1022 4579 1133 4641; x_wconf 88' lang='lat' dir='ltr'>tecum</span> <span class='ocrx_word' id='word_1_371' title='bbox 1158 4566 1254 4638; x_wconf 84' lang='lat' dir='ltr'>vivit.</span> 
     </span>
     <span class='ocr_line' id='line_1_42' title="bbox 244 4676 1443 4779; baseline -0.004 -34"><span class='ocrx_word' id='word_1_372' title='bbox 244 4682 358 4760; x_wconf 78' lang='lat' dir='ltr'>Quibus</span> <span class='ocrx_word' id='word_1_373' title='bbox 379 4685 467 4750; x_wconf 87' lang='lat' dir='ltr'>linitis</span> <span class='ocrx_word' id='word_1_374' title='bbox 480 4676 726 4769; x_wconf 79' lang='lat' dir='ltr'>Metropolitanus</span> <span class='ocrx_word' id='word_1_375' title='bbox 747 4703 812 4749; x_wconf 89' lang='lat' dir='ltr'>cum</span> <span class='ocrx_word' id='word_1_376' title='bbox 823 4683 966 4779; x_wconf 77' lang='lat' dir='ltr'>Praelatio</span> <span class='ocrx_word' id='word_1_377' title='bbox 987 4679 1098 4766; x_wconf 84' lang='lat' dir='ltr'>paratis</span> <span class='ocrx_word' id='word_1_378' title='bbox 1111 4676 1443 4746; x_wconf 76' lang='lat' dir='ltr'>reditadsedemsatn</span> 
     </span>
    </p>
   </div>
   <div class='ocr_carea' id='block_1_4' title="bbox 0 0 1606 5176">
    <p class='ocr_par' dir='ltr' id='par_1_12' title="bbox 0 0 1606 5176">
     <span class='ocr_line' id='line_1_43' title="bbox 0 0 1606 5176; baseline 0 2"><span class='ocrx_word' id='word_1_379' title='bbox 0 0 1606 5176; x_wconf 95' lang='lat' dir='ltr'> </span> 
     </span>
    </p>
   </div>
  </div>
 </body>
</html>
