3202 5176
740 336 892 419 227¹·

119 532 246 616 augeat
275 522 376 597 vobis
403 527 547 617 gratiam
577 527 799 625 perfeetionis
830 542 1001 615 aeternae.
1054 532 1237 607 Lectorem
1266 539 1432 632 siquidem

120 634 259 720 oportet
287 626 408 719 legere
440 630 490 717 ei,
526 631 584 723 qui
617 633 793 726 praedicat
819 643 853 704 et
879 634 1061 708 Lectiones
1091 647 1229 709 cantare
1261 649 1295 710 et
1327 639 1432 712 bene-

120 725 239 798 dicere
271 749 396 822 panem
430 740 464 801 et
496 735 625 806 omnes
643 732 775 809 fructus
795 757 917 811 novos
925 732 966 834 1).
1020 735 1164 810 Studete
1195 742 1300 832 igitur
1324 734 1432 813 verba

118 826 204 918 net,
222 829 388 901 uidelicet
414 831 582 907 lectiones
601 857 718 910 sacras
739 836 897 911 distincte
916 849 950 911 et
968 849 1087 935 aperte
1109 840 1152 911 ad
1169 842 1444 934 intelligentiam·

118 938 154 1002 ct
171 929 441 1004 aedificationem
461 932 611 1007 fidelium
631 937 760 1032 absque
774 942 866 1010 omni
883 940 1062 1013 mendacio
1083 935 1241 1015 falsitatis
1259 944 1444 1039 proferre·

117 1050 182 1102 nel
199 1035 332 1107 veritas
368 1033 559 1106 diuinarum
587 1038 773 1109 lectionum
802 1045 933 1111 incuria
962 1052 1079 1115 vestra
1106 1043 1150 1113 ad
1176 1038 1434 1117 instructionem

118 1132 326 1206 audientium
354 1148 559 1233 corrumpat.
614 1137 715 1223 Quod
743 1151 855 1213 autem
882 1163 945 1212 ore
970 1143 1122 1235 legistis
1151 1144 1259 1238 corde
1285 1148 1434 1221 credatis

119 1244 222 1330 atque
248 1258 356 1332 opere
384 1239 604 1334 compleatis,
630 1249 797 1336 quatemus
818 1243 993 1317 auditores
1015 1255 1152 1320 vestros
1174 1246 1285 1319 verbo
1305 1251 1434 1343 pariter
1532 1243 1535 1246 ’

118 1345 155 1408 et
176 1339 337 1434 exemplo
360 1331 479 1415 vestro
507 1342 636 1414 docere
661 1346 812 1439 possitis.
865 1344 1019 1441 Ideoque
1041 1345 1121 1418 dum
1147 1347 1275 1440 legitis,
1301 1352 1336 1420 in
1362 1350 1434 1422 alto

118 1438 199 1515 loco
226 1441 398 1514 ecclesiae
420 1447 536 1533 stetis,
562 1455 600 1516 ut
625 1445 668 1518 ab
695 1446 850 1521 omnibus
878 1447 1060 1520 audiamini
1084 1458 1118 1520 et
1142 1450 1327 1522 videamini
1348 1449 1433 1543 ligu-

116 1549 235 1615 rantes
250 1545 423 1638 positione
442 1547 629 1641 corporali„
650 1563 724 1623 vos·
738 1552 774 1620 in
793 1549 864 1620 alto
883 1552 1047 1622 virtutum
1068 1551 1178 1643 gradu
1201 1551 1332 1626 debetis
1352 1573 1434 1625 con-

116 1647 269 1717 vasariz
293 1654 460 1740 quatenus
483 1651 613 1720 cunctis
636 1672 656 1719 a
680 1651 800 1744 quibus
825 1651 986 1722 audimini
1006 1662 1041 1723 et
1066 1652 1248 1742 videmini,
1272 1654 1434 1728 coelestis
1470 1655 1474 1660 ’

114 1745 209 1816 vitae
234 1745 380 1817 formam
405 1749 608 1843 praebeatis.
667 1750 769 1836 Quod
799 1755 834 1822 in
865 1752 966 1825 vobis
987 1753 1083 1827 Deus
1108 1754 1249 1849 impleat
1270 1776 1333 1850 per
1356 1776 1435 1848 gra-

113 1848 196 1918 tiam
221 1868 328 1921 suam.
794 1892 802 1903 ,
1017 1865 1019 1871 ·

221 1958 337 2020 Deinde
355 1960 387 2021 P.
402 1961 509 2041 accipit
528 1972 559 2048 et
573 1964 661 2024 tradit
675 1964 811 2027 omnibus
831 1964 982 2042 (lodicem,
997 1965 1034 2026 de
1054 1983 1111 2046 quo
1127 1965 1234 2027 lecturi
1248 1974 1330 2041 sunt,
1347 1970 1436 2047 qnem'

116 2076 202 2122 manu
220 2059 472 2145 deaurataeque
488 2064 605 2127 dicens:
626 2057 784 2152 Accipite
798 2076 917 2148 utpag..
928 2050 1005 2127 210ss

220 2163 333 2240 Quibus
348 2167 495 2246 expeditis
515 2177 546 2228 et
567 2169 626 2230 illis
648 2167 817 2245 genuflexis
829 2170 861 2231 P.
876 2180 956 2232 stans
971 2187 1075 2230 versus
1089 2170 1142 2229 eos‘
1159 2168 1244 2229 dicit:
1274 2155 1447 2245 Oramus·

114 2253 240 2331 babes
262 2260 442 2349 carissimi,
461 2260 574 2330 Deum
595 2261 732 2333 Patrem
755 2265 1034 2358 omnipotentem,
1056 2272 1093 2333 ut
1111 2281 1215 2355 super
1240 2259 1306 2330 hos
1326 2259 1433 2330 famu·

115 2357 171 2432 los
196 2379 298 2448 suos,
329 2381 415 2453 quos
444 2364 479 2430 iu
507 2360 669 2433 Ordinem
696 2363 879 2447 Lautorum
906 2363 1065 2456 dignatur
1092 2382 1269 2435 assumere
1299 2360 1433 2455 bened·

84 2460 87 2466 ’
115 2458 300 2531 dictionem
319 2482 415 2533 suam
436 2462 623 2533 clementer
642 2464 803 2554 effundat,
829 2474 996 2559 quatenus
1018 2463 1174 2536 distincte
1194 2462 1323 2553 legant,
1344 2482 1432 2556 quae
1480 2538 1482 2542 ,

114 2563 150 2635 in
172 2561 322 2636 eeclesia
339 2561 407 2631 Dei
427 2562 576 2655 legenda
599 2575 732 2635 suntet
759 2565 879 2636 eadem
906 2564 1068 2661 operibus
1087 2563 1258 2658 impleant.
1290 2562 1366 2635 Per.

219 2671 338 2734 l'unrl‘.
353 2681 434 2733 stans
451 2693 613 2735 conversus
628 2676 663 2736 ad
679 2674 772 2736 altare
787 2676 874 2738 dicit:
899 2665 1045 2739 Orcmus
1064 2684 1095 2735 ct
1108 2675 1233 2735 ministri
1250 2670 1443 2750 subiungunt-

115 2764 310 2839 Flactamus
338 2784 460 2858 genua.
514 2771 557 2856 lb.
587 2767 728 2840 Levate.

216 2875 333 2939 Deinde
347 2875 511 2940 conteram
529 2878 566 2940 ad
579 2878 731 2941 ordinatos
745 2878 922 2957 genuflexos
937 2877 1022 2941 dicit:
1048 2867 1196 2938 Domine
1207 2877 1346 2955 sancth
1367 2865 1430 2939 Pa·
1491 2902 1495 2908 ·

114 2982 168 3044 ter
190 2973 418 3066 omnipotens,
445 2981 585 3043 aeterne
603 2972 716 3061 Deua·
733 2972 822 3044 bene
835 2971 867 3065 †
881 2970 1013 3075 dicere,
1027 2968 1171 3060 dignare
1197 2966 1261 3041 hos
1282 2966 1430 3042 famulos

82 3090 86 3098 '
113 3085 193 3147 tuos
215 3075 251 3143 in
276 3071 653 3163 officium‘bectorum
680 3083 717 3145 ut
743 3073 942 3167 assiduitate
970 3073 1157 3144 lectionum
1182 3071 1338 3161 instructi
1364 3071 1430 3140 sint

115 3186 218 3270 atque
245 3174 390 3258 ordinati
417 3186 451 3247 et
477 3176 612 3269 agenda
644 3175 756 3247 dicant
782 3186 817 3247 ct
845 3175 934 3245 dicta
962 3193 1069 3269 opere
1096 3171 1309 3266 compleant„
1335 3172 1431 3255 utin

41 3300 67 3318 ··
112 3274 598 3373 utroquesanctaeecclesiae
612 3278 773 3373 exemplo
787 3278 976 3352 sanctitatis
994 3296 1079 3350 suae
1092 3273 1280 3348 cousulant.
1307 3267 1431 3409 Perlp.
1499 3372 1504 3383 Ι

177 3516 207 3592 l)
223 3517 350 3572 Binterim
364 3516 383 3574 l.
396 3533 420 3574 c.
431 3533 458 3586 p.
470 3517 532 3573 287.
543 3516 624 3571 allata
640 3515 755 3571 lormula
770 3513 957 3571 exhortatoria
968 3511 1090 3568 breviori
1106 3508 1253 3581 cademque
1265 3510 1425 3582 antiquiori:

106 3604 280 3677 ·„bectorem
293 3593 404 3673 oportet
418 3601 514 3669 legere
529 3600 573 3669 ei,
594 3600 640 3670 qui
651 3599 791 3671 praedicat
805 3606 832 3654 et
846 3598 979 3653 lectiones
991 3603 1101 3651 cantare
1113 3601 1140 3649 et
1150 3594 1314 3649 benedicere
1328 3611 1426 3666 panem

115 3696 144 3746 et
159 3703 253 3744 omnes
264 3686 368 3742 tructus
378 3683 488 3741 ιιονοειι
502 3683 596 3740 mirum
607 3683 671 3757 quid
683 3682 758 3739 addit
767 3683 794 3739 in
806 3683 942 3752 margine:
956 3679 1052 3750 „Nacb
1062 3679 1153 3733 dieser
1160 3678 1234 3734 Rede
1246 3678 1425 3759 d‘esbiscbofs

115 3773 197 3830 sollte
208 3763 269 3826 mab
282 3769 416 3841 glauben,
432 3769 461 3824 in
476 3767 659 3825 Deutscbland
673 3767 728 3822 und
742 3765 909 3823 Frankreicb
918 3764 1012 3821 blitten
1025 3763 1069 3819 die
1082 3762 1214 3819 Lectores
1226 3763 1274 3818 das
1287 3763 1360 3820 Brod
1371 3764 1426 3820 uud

115 3856 160 3913 dic
176 3872 262 3912 neuen
278 3855 394 3911 Frtichte
411 3860 561 3924 geseguet3
580 3858 690 3924 gemdss
707 3852 759 3908 deu
775 3848 978 3924 apostolis'chen
998 3845 1212 3906 consttutionau
1226 3849 1252 3918 2,
1267 3848 1284 3904 7
1298 3849 1355 3904 tbat
1366 3846 1424 3904 dies
1486 3862 1495 3872 ·

116 3941 166 3998 der
179 3933 320 4004 Diakon.“
348 3938 409 3994 Nou
427 3937 498 3994 enim
512 3936 604 4009 uideo,
623 3936 739 3995 cur-boc
757 3937 900 3994 lectorum
914 3931 1086 4008 priuilegium
1097 3930 1435 4011 Germaniaedalliaeque

115 4024 212 4082 linibus
223 4023 356 4082 contineri
367 4022 443 4095 velit,
454 4023 729 4105 cumipssltomanus
740 4020 810 4078 ordo
821 4017 1026 4076 benedictiones
1042 4017 1103 4073 illas
1121 4025 1322 4078 commemoret.
1352 4017 1424 4072 Saue

113 4122 181 4167 vero
197 4110 298 4166 ex‘illo
313 4116 449 4181 tempore·
463 4124 518 4180 quo
533 4107 653 4165 minores
669 4106 782 4164 ordines
802 4122 862 4161 cum
879 4102 1031 4173 maioribus
1039 4100 1160 4159 conferri
1171 4107 1334 4176 coeperunt,
1354 4098 1422 4154 illud
1524 4154 1545 4163 ,,

114 4193 293 4253 benedicendi
308 4210 402 4265 munus
417 4191 451 4249 ad
463 4191 627 4250 Sacerdotes
641 4193 760 4249 delatum
773 4196 825 4250 est.
923 4196 924 4200 ’

177 4276 208 4354 2)
222 4278 303 4351 Apud
318 4280 448 4334 'vetustos
460 4283 607 4334 occmrunt
622 4278 766 4348 collectae,
782 4290 863 4348 supra
880 4268 1166 4346 scriptissiruillimaet
1182 4275 1271 4366 tamen
1284 4282 1353 4321 >cum
1364 4280 1420 4366 non

113 4364 149 4420 ad
168 4363 472 4437 apicem‘couueuiaut‚¹
494 4361 578 4419 satius
600 4361 688 4419 tisun
710 4366 752 4418 est
774 4356 931 4418 exscribere
953 4356 1093 4414 orationes
1112 4352 1281 4449 Poptrlicalrs.
1298 4352 1441 4443 llomann

56 4467 60 4476 ·
114 4450 228 4522 Propria
240 4447 370 4520 quaedam
383 4448 467 4504 babet
478 4434 573 4502 Codes}
586 4445 710 4503 Ratoldit
728 4446 858 4502 lemures
870 4443 1099 4501 cumordinantur
1107 4439 1190 4494 faciat
1200 4435 1234 4490 de
1243 4435 1298 4511 ullis
1307 4436 1420 4492 verbum

112 4533 265 4607 Episcopl'ts
275 4532 447 4606 ‘adplebem
465 4530 594 4605 iudicans,
604 4532 698 4588 eorum
710 4527 791 4587 iidem
807 4537 834 4586 et
848 4531 1025 4600 vitamatque
1035 4523 1180 4594 ingenium.
1199 4521 1340 4618 'Postbaec
1354 4535 1419 4595 spe-

114 4624 204 4685 ctante
218 4621 299 4694 plebe
316 4621 405 4678 nudat
419 4621 460 4676 eis
474 4618 605 4676 codicem
619 4615 718 4703 Esaiae
732 4617 896 4690 prophetae·
924 4609 1062 4669 allocutio
1083 4606 1117 4665 ad
1135 4604 1243 4758 pllqbpm
1257 4622 1285 4662 nr
1303 4606 1420 4662 Lactora
1485 4691 1488 4697 .
