3202 5176
834 368 908 438 146

219 572 392 626 reverenter
419 564 586 643 accipiens,
609 560 748 623 ambabus
778 561 911 623 manibus
936 560 966 620 in
987 559 1075 622 altum
1096 561 1194 623 elevat
1221 578 1323 642 usque
1353 560 1395 623 ad
1428 563 1532 639 oeulos,

218 667 374 729 habentem
389 668 517 745 desuper
535 682 651 724 auream
670 664 783 725 stellam
803 683 866 725 oum
881 664 1048 755 nominibus
1062 663 1117 725 Xll
1131 664 1374 745 Apostolorum,
1391 682 1434 726 ne
1450 666 1532 727 nostr

217 769 276 830 labi
290 772 393 850 possit.
431 768 468 831 Et
481 769 576 847 primo
589 768 681 828 vertit
693 786 727 828 se
747 766 871 828 adlatus
887 765 1042 846 Epistulae
1056 784 1120 827 oum
1135 784 1244 839 summa
1259 768 1425 846 gravitate
1446 776 1477 829 et
1492 786 1534 849 por

218 872 338 932 eandam
362 873 437 932 uiam
459 872 618 932 revertitur
640 869 676 931 ad
696 869 823 931 medium
842 866 959 930 altaris:
978 877 1083 950 postea
1105 869 1209 931 eodem
1228 871 1322 932 modo
1338 872 1443 932 vertit
1462 872 1534 931 seat

201 952 291 1041 ‘latus
312 974 484 1053 Evangelii,
507 974 556 1033 ubi
577 972 766 1035 Subdiacouo
789 972 951 1050 genuflexo
974 980 1109 1050 patenam
1130 972 1218 1033 tradit
1239 972 1308 1034 eum
1331 972 1533 1034 Sacramenta.

194 1100 198 1109 ·
215 1074 287 1136 l'um
302 1080 398 1155 surgit
412 1077 633 1153 Subdiaoonus,
650 1086 679 1136 et
695 1077 760 1156 ipse
774 1076 923 1137 Diaconos
939 1074 1031 1135 lleotit
1046 1092 1160 1153 genua,
1178 1074 1274 1136 donec
1293 1074 1351 1161 ille
1367 1072 1533 1149 discesserit

217 1189 337 1269 portans
353 1181 572 1240 Sacramentum
585 1179 738 1257 Pontifici,
757 1178 849 1258 quiei
863 1178 1033 1239 advenienti
1047 1176 1195 1258 profunde
1217 1178 1365 1255 inclinat,
1388 1196 1430 1238 ae
1453 1180 1533 1259 ipsun

217 1291 391 1342 reverenter
405 1274 517 1343 adorat'.
547 1281 750 1343 Subdiaoonus
765 1299 837 1342 vero
853 1299 917 1342 oum
931 1282 1103 1360 peruenerit
1117 1278 1152 1341 ad
1171 1279 1353 1341 Pontificem
1370 1288 1438 1342 stat
1452 1290 1534 1341 rectu

217 1381 252 1443 ad
275 1384 338 1443 eius
358 1386 514 1445 sinistram.
552 1385 625 1445 Post
645 1384 720 1446 haec
737 1385 902 1461 Diaeouus,
922 1384 1071 1462 accipiens
1094 1382 1216 1443 calicem
1236 1398 1336 1462 porro
1359 1383 1440 1444 velo
1460 1400 1535 1443 aureo

217 1496 390 1565 coopertum
408 1488 513 1548 eodem
526 1486 614 1547 modo
634 1506 667 1547 se
682 1489 770 1547 vertit
789 1487 824 1546 ad
839 1496 993 1565 utrumque
1007 1486 1082 1546 latus
1096 1474 1307 1562 altaris,'sicut
1322 1504 1397 1546 curn
1414 1495 1533 1566 patema

218 1578 353 1649 tenebat:
377 1599 407 1649 et
421 1577 490 1649 inde
505 1608 569 1649 oum
590 1590 656 1669 ipso
669 1589 762 1649 calice
776 1590 812 1649 ad
824 1589 962 1673 dextrum
980 1588 1055 1648 latus
1073 1586 1225 1647 Pontiilcis
1239 1587 1379 1649 accedit:
1409 1587 1533 1649 Pontiler

216 1709 290 1750 vero
305 1694 392 1751 sumit
407 1710 491 1751 unam
505 1700 617 1771 partem
634 1690 767 1768 hostiae,
798 1700 827 1750 et
846 1691 931 1752 altam
953 1689 1076 1751 induas
1090 1698 1189 1770 partes
1204 1688 1314 1751 dividit
1336 1708 1402 1769 pro
1424 1706 1533 1751 eomun-

216 1794 307 1869 nioue
320 1794 444 1854 Diaconl
457 1803 486 1855 et
500 1793 690 1855 Subdiaooni.
731 1793 855 1873 Sumpto
876 1802 972 1853 autem
995 1810 1010 1852 a
1030 1792 1174 1853 Pontidoe
1188 1790 1301 1853 Christi
1324 1810 1469 1875 corpore
1481 1792 1533 1872 Epi
1585 1788 1589 1799 '

216 1872 326 1976 scopus
341 1895 505 1957 cardinalis
517 1897 661 1957 assistens
675 1897 802 1977 porrigit
822 1897 850 1956 ei
868 1892 1008 1956 calamum
1022 1910 1159 1972 aureum,
1179 1911 1238 1974 quo
1251 1880 1428 1973 sanguinis
1440 1904 1531 1976 parts·

219 1999 316 2074 sugit,
336 1999 484 2058 residuum
509 1999 656 2059 dimittens
675 2016 730 2079 pro
753 1998 886 2059 Diaeouo
910 2007 940 2086 et
960 1997 1158 2058 subdiacono.
1193 1995 1280 2056 'lurn-
1295 1997 1452 2061 Pontifex
1473 2012 1531 2058 con

219 2101 345 2160 municat
358 2100 519 2160 Diaconum
533 2109 659 2175 ¹stantem
671 2110 701 2161 et
714 2106 865 2161 tenentem
879 2098 984 2161 dextra
998 2112 1082 2161 mauu
1096 2096 1228 2176 calicem,
1242 2098 1403 2191 calamum
1419 2102 1531 2163 sinistis:

172 2254 179 2265 .
220 2202 268 2281 qui
287 2212 410 2281 accepto
432 2220 558 2282 corpora
579 2202 687 2265 Christi
709 2203 813 2264 faciem
833 2201 986 2281 Boutillcls
1007 2202 1156 2281 oseulatur
1174 2210 1204 2262 et
1222 2218 1378 2265 reversus
1402 2205 1440 2265 ad
1459 2203 1531 2263 altare
1586 2204 1590 2215 “

210 2311 332 2385 partem
352 2306 504 2382 sanguinis
524 2307 614 2383 sugit.
646 2304 759 2367 Eodem
777 2305 866 2367 modo
886 2320 995 2385 eorpus
1018 2303 1127 2387 cincti
1148 2284 1282 2384 porripit
1301 2305 1454 2369 Poutilax
1470 2302 1529 2365 Sul

219 2404 342 2467 diacono
358 2425 455 2468 coram
474 2427 507 2468 se
521 2408 681 2486 genuflexo
697 2416 727 2470 et
740 2416 875 2489 patenam
894 2417 1033 2486 tenente,
1052 2408 1101 2486 qui
1123 2414 1153 2467 et
1173 2408 1239 2487 ipso
1252 2406 1291 2467 ad
1312 2424 1439 2471 comma
1452 2406 1528 2468 stau

219 2508 364 2570 accedens
384 2504 531 2571 residuum
545 2513 697 2590 sanguinis
714 2530 778 2572 cum
793 2511 905 2572 calamo
919 2513 1009 2589 sugit.
1049 2509 1130 2570 Unus
1144 2517 1241 2569 autem
1256 2528 1300 2571 en
1318 2512 1405 2590 ipsis
1423 2512 1527 2592 partior·

217 2611 274 2672 lam
289 2613 414 2692 hostiae,
428 2632 506 2694 quae
520 2614 605 2695 calici
623 2614 660 2675 de
674 2632 759 2676 more
774 2615 902 2674 immissa
916 2614 1024 2693 luerat,
1038 2612 1074 2673 ad
1092 2610 1169 2672 labia
1184 2612 1281 2692 ipsius
1296 2613 1414 2675 caliois
1429 2609 1535 2697 retrahit·

216 2722 246 2774 et
260 2716 356 2775 sumit.
409 2772 415 2783 ,
906 2702 914 2719 ’

317 2814 462 2877 xxxvii.
492 2818 615 2879 Constat
639 2820 677 2885 in,
690 2820 809 2899 antiqua
823 2819 952 2880 ecclelia
973 2814 1218 2879 intra'missarum
1238 2816 1413 2879 sollemnia
1433 2831 1525 2900 omnen

189 2904 357 2997 'populum
382 2917 486 2978 ordine
508 2937 562 2980 suo
585 2922 825 2982 communicasse.
866 2908 1053 3001 tapam'sma
1074 2930 1211 2980 successu
1232 2922 1391 2999 temporis
1413 2921 1542 3005 icrrorr,v

218 3037 283 3079 oum
298 3018 471 3098 plerumque
491 3017 652 3081 Celebrans
671 3012 780 3105 tautum
795 3024 1014 3084 Sacramentum
1029 3028 1173 3098 sumeret,
1198 3029 1263 3080 orta
1278 3029 1329 3082 est
1353 3006 1525 3089 doctrinata

217 3121 362 3201 spirituali
376 3122 517 3182 laicorum
539 3124 753 3185 communione.
785 3108 955 3186 Potuerunt
964 3138 1040 3186 aero
1054 3125 1117 3204 ipss
1125 3124 1301 3184 communio
1317 3120 1458 3201 listellam
1476 3129 1542 3184 rso·

216 3214 265 3283 uel
280 3232 349 3301 post
359 3223 475 3284 llissam
490 3226 624 3303 invaluit,
637 3238 696 3287 uon
711 3229 775 3288 sine
786 3244 891 3305 magna
900 3229 1004 3287 rituum
1016 3208 1286 3288 ecclesiasticorum
1296 3220 1526 3315 perturbatique,

151 3354 155 3361 ·
218 3333 249 3383 ut
263 3324 455 3404 conqueritur¹
468 3324 565 3387 Bono.
599 3328 671 3389 llum
686 3329 861 3408 Orationes,
882 3339 1038 3410 quaepost
1058 3316 1527 3408 communionem·sunt‚'senper'

218 3426 257 3486 ita
270 3435 337 3488 sunt
352 3431 545 3508 compositae,
561 3440 592 3493 ut
606 3431 816 3494 multitudinem
832 3434 1105 3519 communicantium
1119 3431 1318 3509 significent:
1350 3422 1524 3514 Quapropter
1569 3434 1573 3445 “

200 3527 332 3620 οῙίὶῑιωῐθ
345 3516 513 3593 Pa'risiense
526 3536 594 3595 anni
608 3529 691 3594 luat
705 3537 939 3596 communionem
948 3532 1027 3596 Cleri
1039 3543 1071 3596 et
1085 3534 1210 3594 fidelium
1226 3535 1304 3611 intra
1316 3532 1447 3595 Missam
1460 3548 1523 3615 prro

217 3628 319 3691 sdribit
333 3639 408 3693 teste
422 3620 467 3695 D‘e
482 3634 615 3714 diolcon,
629 3640 677 3718 qui
691 3638 768 3713 idem
783 3637 852 3698 alibi
861 3655 991 3718 unoque
1009 3636 1163 3700 observari
1178 3638 1316 3696 testatur.

317 3728 538 3803 Distributionis
551 3739 677 3802 lurmula
692 3742 784 3801 variat
798 3740 874 3820 apud
889 3743 1035 3820 antiquos.
1070 3739 1102 3799 ln
1124 3740 1183 3798 vita
1199 3737 1344 3814 Gregorii
1363 3736 1449 3817 apud
1462 3734 1524 3797 lott-

182 3914 188 3923 ·
217 3852 284 3894 nem
297 3834 458 3897 Diaconum
471 3839 592 3919 legitur,
601 3852 762 3903 matronam
778 3844 919 3923 quandam
935 3858 998 3904 cum
1014 3841 1175 3919 Gregorius
1191 3840 1335 3916 mysteria
1350 3838 1398 3899 illi
1413 3820 1525 3909 trudeat,

216 3934 343 3998 diceret:
358 3937 487 4018 corpus
499 3941 619 4005 Domum
629 3945 728 4006 nostru·
739 3948 897 4006 conseruet
909 3942 1041 4004 umanum
1055 3950 1153 4021 mom,
1175 3942 1341 4003 subrisisse
1360 3958 1402 4002 ae
1416 3941 1525 4002 dirior:
1564 3982 1570 3995 .

181 4044 186 4055 “
215 4037 247 4099 ld
276 4041 355 4120 quod
376 4056 434 4120 ego
456 4044 548 4106 obtuli
570 4062 678 4131 corpus
693 4046 803 4109 Christi
817 4060 919 4111 vocas.
957 4047 1014 4108 Ubi
1024 4055 1125 4123 nota,
1146 4044 1302 4106 sollemnia
1329 4044 1433 4105 vei‘oa
1451 4043 1534 4104 troo·

215 4142 407 4205 sacerdotum
424 4147 598 4209 tradentium
613 4160 763 4228 panem-ot
776 4153 890 4212 vinum:
911 4144 1032 4229 Corpus
1049 4155 1079 4208 et
1091 4144 1363 4226 Spopuitlloms‘rri
1381 4142 1525 4209 cotom

168 4306 172 4311 .
193 4244 345 4304 acimum
358 4252 450 4309 mum.
486 4249 580 4311 Porro
602 4254 812 4333 sancitum-est
833 4255 863 4312 in
890 4244 1025 4315 Condilio
1047 4249 1281 4327 tornomagensi
1300 4264 1388 4312 saec.
1406 4242 1461 4311 lll.
1475 4262 1525 4308 cor

216 4356 363 4421 gregato:
397 4348 480 4410 Nulli
498 4351 575 4412 luido
594 4348 657 4411 out'
668 4350 799 4429 seminus
818 4353 1044 4416 Eustummtom
1062 4354 1094 4413 iu
1114 4348 1254 4413 madibus
1272 4357 1375 4429 portat
1403 4350 1454 4430 (ut
1473 4348 1525 4411 olio

215 4445 280 4506 lieri
295 4430 438 4529 sutelas),
454 4452 510 4512 sed
522 4459 636 4514 tontum
648 4455 680 4514 irc
693 4473 728 4516 os
741 4457 807 4516 eius
820 4475 887 4541 oum
900 4457 947 4518 luia
959 4455 1079 4518 verbm:
1099 4440 1351 4532 CorpoaDonuisss'
1362 4460 1401 4515 et
1412 4445 1527 4531 Sam

210 4548 311 4622 prosit
322 4550 376 4611 tibi
386 4554 429 4613 od
440 4555 646 4616 remissionem
661 4566 857 4636 praemorsam
875 4564 906 4620 et
917 4560 1010 4620 oitom
1022 4555 1313 4635 occemom.‚-npud
1334 4554 1527 4638 lladulphrnt

213 4645 332 4727 Corpus
343 4659 374 4714 et
386 4652 517 4735 sanquis
529 4656 651 4721 Durani
659 4661 759 4722 nostri
769 4660 841 4722 lesu
854 4660 968 4725 Curiati
984 4660 1126 4739 proficiat
1148 4658 1203 4719 ctos·
1212 4657 1358 4719 mutam
1372 4660 1526 4723 oetam
