3202 5176
759 352 833 425 22³

137 550 225 635 altari
242 534 407 613 conversis.
442 547 515 610 ἰιιιιι
530 545 764 609 archidiaconus
776 554 865 606 uocat
880 531 983 606 omues
998 544 1183 610 Ordinandos
1197 534 1316 613 dicens:
1341 541 1455 616 Acce-

139 645 222 717 dant
249 665 387 732 οιιιιιθε,
415 644 473 736 qui
502 639 682 712 ordinandi
709 650 795 712 sunl.
846 648 961 724 Quibus
983 657 1052 709 aute
1070 649 1163 711 altare
1186 669 1285 713 eoram
1311 653 1456 716 Pontifics

138 755 309 835 genuflexis
324 764 355 817 st
370 756 399 815 in
420 753 537 814 modum
555 768 685 813 coronae
699 751 868 833 dispositis,
894 750 1129 818 brcbldiaconns
1145 751 1214 831 (Α.)
1231 755 1352 833 publice
1367 757 1457 819 iuter·

138 867 366 938 togatomnes,
376 857 402 917 si
417 857 477 917 siut
489 855 599 936 aliqui,
619 855 671 934 qui
687 854 768 915 forte
784 871 847 914 con
865 852 925 913 sint
944 853 1117 915 confirmati.
1150 854 1230 916 Etsi
1248 857 1337 937 aliqui
1351 861 1457 920 contir-

134 959 237 1023 mendi
252 967 350 1036 eruut,
368 967 439 1019 tunc
454 957 609 1019 confirmat
624 974 678 1017 eos
692 956 833 1018 Pontifex
846 942 910 1041 (P).
947 955 979 1015 Sr
988 973 1048 1017 non
1057 965 1144 1018 erunt
1152 958 1242 1037 aliqui
1257 961 1458 1034 confirmandi

139 1062 237 1193 palam
250 1061 400 1123 interdicit
413 1078 478 1140 per
481 1062 573 1120 inrum
583 1077 622 1119 ex
636 1059 696 1119 suis
711 1057 765 1118 sub
780 1058 827 1118 bis
840 1056 956 1119 verbis:

242 1152 597 1226 Reverendissimus
588 1173 623 1221 ιιι
645 1146 787 1225 Christo
801 1160 902 1246 pater:
919 1161 953 1221 ct
973 1149 1144 1240 dommus,
1160 1149 1200 1223 N
1240 1152 1307 1225 Dei
1323 1130 1459 1251 ctapo

141 1257 287 1353 stolicae
317 1256 409 1329 sodis
442 1265 518 1346 grat
518 1257 551 1324 ia
580 1250 836 1353 EpiscopusN.
866 1251 928 1325 sub
951 1257 1320 1328 .cxcommunieationis
1346 1280 1459 1354 poena

140 1359 310 1455 praecipit
335 1368 369 1428 et
394 1355 531 1427 mandat
559 1355 715 1427 omnibus
744 1365 778 1425 et
805 1354 950 1446 singulis
979 1377 1042 1450 pro
1070 1347 1296 1451 suscipiendis
1325 1356 1459 1431 Ordini-

140 1458 205 1535 bus
222 1459 284 1530 bic
308 1457 560 1554 praesentibus,
582 1479 627 1528 ue
655 1458 730 1552 quis
752 1452 872 1528 forsan
900 1478 1020 1527 corum
1042 1458 1263 1550 irregularis,
1290 1470 1348 1532 aut
1374 1462 1459 1535 alias

142 1584 164 1633 a
187 1584 264 1644 pure
290 1560 351 1632 vel
378 1560 420 1631 ab
449 1559 587 1630 homine
618 1560 894 1630 excommunicat
894 1580 959 1646 us,
998 1559 1225 1651 interdictus,
1256 1563 1459 1660 suspensus,

141 1664 292 1759 spurius,
314 1661 469 1749 infamis,
497 1654 554 1731 aut
577 1660 661 1732 alias
685 1680 705 1729 a
724 1680 802 1730 rure
822 1657 1031 1754 prohibituS,
1059 1661 1134 1731 sive
1161 1683 1207 1731 cx
1233 1662 1345 1734 aliena
1365 1664 1463 1736 dioe-

141 1768 215 1839 cesi
238 1762 402 1837 oriundus
423 1766 511 1836 sive·
504 1762 658 1834 licentia
680 1762 733 1833 sui
754 1757 939 1856 Episcopi,
968 1766 1117 1830 autnon
1139 1760 1350 1858 descriptus,
1376 1788 1460 1836 exa-

139 1869 302 1954 minatus,
324 1863 549 1961 approbatus
560 1872 595 1935 e
614 1864 821 1950 nominatus,
843 1861 915 1933 ullo
935 1870 1036 1956 pacto
1061 1861 1185 1934 audeat
1206 1864 1249 1934 ad
1271 1869 1459 1964 suscipien·
1552 1928 1556 1937 .

142 1967 206 2041 dos
236 1966 375 2041 ordines
406 1964 584 2036 accedere.
637 1963 682 2054 Et
712 1962 804 2059 quod
830 1963 945 2036 nullus
978 1985 1025 2034 ex
1056 1961 1261 2042 Ordinaudis
1294 1969 1466 2061 discedat·

116 2071 211 2143 -nisi
230 2066 338 2142 Missa
364 2066 456 2139 linita
484 2077 521 2140 et
540 2066 800 2139 benedictione
809 2064 983 2140 Pontificis
1011 2064 1214 2167 accepted).

124 2258 130 2265 -
245 2185 370 2277 Domum
383 2198 431 2279 ad
434 2213 657 2279 Ordinationem
672 2210 831 2292 procedat:

504 2353 583 2463 ,De
613 2351 788 2460 clerico
816 2347 1087 2452 Faciend02).

246 2498 305 2560 Pro
316 2496 444 2579 Clericis
459 2497 630 2561 ordinandis
643 2506 785 2580 parentur
797 2497 920 2561 forfices
929 2500 991 2576 pro
1005 2495 1172 2559 incidendis
1193 2500 1306 2578 capillis
1322 2511 1352 2563 et
1366 2502 1462 2565 bacile

142 2619 198 2687 pro
216 2599 276 2667 illis
291 2599 487 2681 imponendis.
521 2599 559 2662 ur
573 2600 721 2687 quilibet
712 2598 946 2683 Ordinaudorum
961 2598 1072 2659 babere
1086 2598 1175 2659 debet
1188 2618 1271 2662 suum
1285 2597 1462 2684 superpelli-

144 2721 228 2764 ceum
242 2710 333 2783 super
347 2702 496 2765 brachium
512 2704 662 2764 sinistrum
674 2676 884 2762 cicendelum
875 2718 904 2761 m
919 2719 1005 2760 manu
1019 2700 1131 2797 dextra
1151 2699 1188 2761 Et
1202 2713 1345 2766 vocantur
1360 2723 1463 2776 omnes
1564 2788 1568 2795 Ι

144 2805 318 2887 tonsurandi
331 2802 503 2876 nominatim
520 2823 575 2887 per
590 2806 737 2866 notarium
750 2811 780 2867 et
794 2802 919 2886 quilibet
935 2784 1116 2883 respondet}
1134 2777 1279 2869 Adsum

172 2895 362 2984 Quibus
373 2916 442 2969 ante
455 2901 628 2968 Pontificem
644 2904 824 2985 genuflexis,
837 2903 873 2965 Ρ
886 2906 981 2984 surgit
995 2914 1025 2964 et
1044 2904 1128 2966 dicit:

166 2998 300 3075 ·Sil
316 2997 443 3072 nomen
460 2999 603 3073 Domini
619 2986 846 3080 benedictum
898 3001 962 3089 lp.
950 2995 1027 3068 Ex
1041 2996 1112 3068 boc
1128 3018 1220 3070 nunc
1239 3008 1274 3070 et
1296 2987 1410 3095 usquo
1428 3004 1463 3073 in

144 3032 331 3175 saeculum
371 3101 602 3176 Adiutorium
623 3102 809 3175 nostrum
800 3121 835 3171 ιιι
855 3101 992 3173 nomine
1016 3100 1162 3172 Domini.
1216 3099 1355 3194 liuilni
1381 3102 1464 3196 fecit
1539 3150 1542 3155 ,

145 3202 283 3276 coelum
305 3214 340 3276 ct
364 3215 500 3276 terram.
590 3210 602 3232 ’·
1479 3226 1490 3239 ·

250 3305 415 3395 Oramus,
438 3305 565 3379 fratres
591 3300 778 3394 carissimi,
811 3303 995 3399 Dominum
1026 3311 1182 3375 nostrum
1209 3303 1233 3374 Ι.
1256 3301 1293 3392 Q.
1318 3329 1382 3402 pro
1411 3305 1463 3392 bis
1557 3348 1560 3353 ·

128 3407 282 3483 ‘famulis
304 3410 389 3496 suis,
407 3410 466 3501 qui
492 3403 549 3478 ad
563 3406 786 3503 deponendas
815 3428 933 3478 comas
960 3407 1107 3500 capitum
1132 3427 1274 3479 suorum
1295 3422 1360 3502 pro
1388 3412 1464 3483 eius
1514 3492 1517 3497 ,

144 3530 265 3581 amore
285 3506 458 3597 festinant,
482 3518 519 3578 ut
546 3508 650 3579 donet
676 3510 728 3580 eis
747 3505 910 3604 Spiritum
928 3504 1104 3594 Sanctum,
1128 3509 1185 3602 qui
1207 3506 1356 3580 habitum
1381 3512 1463 3582 reli-

143 3612 259 3706 gionis
281 3611 444 3683 incisio
470 3619 674 3704 perpetuum
700 3618 886 3683 conservet
909 3618 948 3680 ot
976 3630 995 3679 a
1017 3606 1134 3677 mundi
1157 3609 1400 3704 impedimento
1429 3624 1463 3685 et

144 3736 166 3787 a
187 3710 360 3789 saeculari
382 3710 554 3786 desiderio
580 3709 687 3783 corda
713 3731 833 3782 eorum
860 3709 1038 3782 defendat:
1066 3719 1103 3781 ut
1129 3711 1218 3782 siout
1246 3713 1464 3789 immutantur
1496 3802 1500 3812 x

212 3939 241 4021 l)
257 3944 287 4001 ln
303 3944 498 4009 vetustioribus
513 3945 591 4005 libris
604 3947 674 4004 baec
693 3949 809 4007 iormuls
831 3946 991 4021 saepissime
1007 3954 1049 4006 est
1066 3946 1184 4026 omissa,
1201 3957 1230 4008 at
1243 3949 1334 4008 iudea
1348 3952 1462 4009 saeculo

145 4025 254 4086 dommo
265 4029 349 4087 tertio
361 4031 484 4088 occurrit
494 4030 521 4089 in
536 4032 721 4108 plurimissed
731 4032 878 4115 prolixior.
900 3990 1296 4109 turmutcatittugu’minensi
1306 4053 1380 4093 suec.
1389 4036 1461 4093 XIV.

145 4121 274 4170 arcentur
289 4115 322 4170 ab
339 4115 481 4173 ordinibus
498 4117 584 4174 sacris
605 4125 716 4189 praeter
732 4117 806 4188 illos,
824 4116 869 4189 qui
887 4118 1111 4189 supranominati
1127 4127 1189 4176 suut
1205 4153 1243 4162 -
1260 4119 1462 4189 -simoniaci,

145 4184 298 4271 epileptici,
312 4200 356 4256 vel
368 4201 459 4272 aliquo
472 4203 591 4257 membro
605 4201 728 4274 mutilati,
740 4203 783 4259 vel
796 4218 915 4274 corpore
930 4203 1078 4259 enormiter
1091 4204 1215 4260 vitiatis.
1225 4221 1259 4259 ιιι.
1272 4219 1325 4258 a·

210 4283 238 4351 b)
249 4284 370 4343 Tonsura
381 4302 442 4343 cum
452 4286 564 4342 sacculo
576 4286 682 4343 demum
691 4294 771 4345 sexto
783 4295 811 4343 et
820 4286 937 4360 septimo
947 4287 975 4345 iu
986 4287 1104 4345 ecclesia
1112 4287 1225 4361 probari
1237 4294 1318 4359 atque
1330 4285 1357 4342 in
1371 4287 1459 4344 omni-

91 4400 95 4409 ·
143 4366 198 4425 bus
209 4367 335 4427 ecclesiis
346 4371 552 4427 utcousuetudo
565 4370 702 4429 introduci
714 4370 891 4456 coepisset,
883 4389 911 4429 ιιι
925 4372 1118 4431 vetustissimis
1126 4369 1350 4429 Sacramentariis
1361 4370 1460 4430 deesse

145 4449 305 4511 Ordines
332 4453 373 4513 de
400 4453 548 4513 clerico
572 4448 756 4517 Facienda
782 4457 854 4519 baud
876 4457 1028 4520 miraberis
1060 4456 1176 4514 Exstant
1196 4463 1285 4511 tamen
1311 4454 1460 4515 Oratio·

143 4552 209 4593 nes
231 4535 274 4593 ad
298 4535 477 4615 clericum
507 4539 749 4599 iaciendum
737 4541 888 4607 tronum
912 4543 942 4599 S.
956 4541 1062 4614 Elicii,
1084 4541 1114 4609 in
1135 4539 1460 4637 Codicoltotomugeusis

143 4615 284 4711 ecclesiae
297 4620 562 4693 rapueramus.
575 4622 891 4698 apudblorinum,qucs
908 4625 1107 4698 antiquissimas
1121 4624 1238 4682 omnium
1252 4625 1334 4684 facile
1348 4624 1461 4685 dixeris
