3202 5176
765 224 837 307 115

146 434 234 516 Apud
259 432 433 496 (israelitas
451 431 601 512 hodieque
620 432 762 493 sacerdos
787 431 940 495 Psalmnnn·
958 450 1022 496 oum
1049 434 1218 520 Antiphone
1244 439 1368 516 recitat,
1394 440 1471 501 dnm,

120 577 126 586 ·
144 538 248 620 pergit
260 537 296 598 acl
310 532 422 598 altare.
1156 528 1162 538 '

250 641 287 702 ll.
340 639 445 719 Neque
472 638 501 697 in
528 635 662 698 formulis
686 635 893 699 Confessionis
914 646 945 699 ei
970 639 1176 704 Absolutionis
1196 641 1232 702 ad
1252 642 1296 703 Pii
1312 641 1347 703 V.
1368 661 1461 724 nsque
1490 662 1496 672 ’

146 752 273 805 aetatem
295 740 532 804 consentiebant.
568 739 731 801 [instabant
754 740 913 820 apologiae
933 741 1088 804 breviores
1107 753 1139 804 ut
1158 746 1188 804 in
1210 746 1330 825 antiqno
1345 745 1462 807 Clunia·

148 848 279 909 censium
295 845 416 906 ordine:
443 840 594 922 Confiteor
603 840 677 905 'Dee
691 848 720 902 et
733 843 870 904 onunbue
884 843 1005 905 Sanctis
1021 846 1087 906 eius
1109 853 1138 907 et
1152 846 1238 908 oobis
1250 847 1373 926 Patres,
1387 849 1461 927 quio

143 948 273 1027 peceeoi
285 946 474 1026 copitatioue,
495 944 643 1006 lomtionc
656 951 685 1006 et
698 963 807 1024 opere:
834 965 903 1008 mee
918 947 1016 1025 culpe,
1027 967 1140 1027 precor
1153 967 1210 1011 oos
1226 969 1318 1011 orere
1329 939 1390 1031 'pro
1403 969 1460 1023 ure.

147 1051 231 1112 hinlti
246 1060 330 1110 erant
344 1031 392 1109 alii
408 1050 582 1129 inpeccatis
598 1050 861 1110 enumerandisvel
875 1050 905 1111 in
920 1051 1093 1112 Sanctorum
1107 1055 1307 1115 invocatione.
1334 1054 1377 1115 lia
1389 1053 1460 1116 illis·

147 1154 211 1217 salc
231 1146 764 1231 Augustanumciroa1570editum:
791 1150 855 1227 Epa
876 1169 949 1216 reus
970 1158 1000 1227 ct
1017 1157 1157 1212 conscius
1170 1157 1299 1214 omnium
1312 1155 1460 1215 malorum

147 1273 282 1315 meorum
296 1234 511 1332 confiteorDco
522 1248 607 1311 Patri
619 1238 811 1330 omnipotenti
822 1258 852 1311 et
858 1249 894 1313 Β.
902 1247 1022 1312 Mariae
1029 1272 1148 1333 semper
1160 1256 1268 1334 oirpini
1281 1263 1311 1316 et
1324 1258 1460 1318 omnibus

147 1357 268 1418 Soractis
289 1362 319 1416 et
340 1355 425 1415 uobis
444 1355 474 1414 in
499 1350 627 1430 Clariae,
660 1353 740 1432 quaed
758 1370 812 1434 epo
836 1355 930 1416 miser
950 1362 979 1416 et
998 1356 1137 1436 indipnus
1162 1365 1309 1436 peccator
1332 1360 1462 1438 peccaui

146 1460 234 1520 nimis
250 1460 282 1519 in
299 1459 362 1519 oite
373 1475 451 1534 mee,
465 1455 547 1517 mola
560 1456 748 1535 capitatione,
771 1457 929 1536 locutione,
951 1477 1110 1538 consensu,
1131 1461 1208 1538 oisu,
1229 1438 1292 1540 ore,
1319 1480 1411 1540 opere
1430 1467 1461 1522 et

147 1562 318 1638 omissione,
340 1579 409 1622 mea
428 1559 528 1638 eulpa,
549 1576 617 1618 mee
641 1559 827 1639 pronissime
846 1560 945 1640 eulpa.
984 1558 1056 1622 Ideo
1079 1581 1192 1640 precor
1209 1563 1460 1642 pieriosissimam

145 1665 291 1744 oirpiuem
308 1661 449 1737 Mariam,
462 1667 586 1721 sanctos
600 1657 762 1738 Apostolos
775 1661 894 1722 Petrum
907 1667 937 1721 et
947 1661 1074 1723 Paulum
1087 1674 1177 1743 atque
1189 1663 1351 1742 Artemam,
1370 1665 1459 1726 aaut·

111 1764 115 1769 ’
144 1765 496 1840 rimrm‚‚8cbestianum‚
514 1761 624 1834 Vitam,
638 1769 763 1822 sanctas
777 1761 907 1823 Mariam
921 1761 1140 1842 Mopdalenem
1161 1763 1365 1844 Cotherinam,
1382 1766 1459 1829 Rer-

146 1869 265 1946 barnm,
280 1864 389 1946 Afram
403 1885 471 1927 cum
487 1863 643 1926 sodalibus
654 1865 730 1943 suis,
753 1867 830 1926 istos
843 1871 873 1925 et
884 1865 1045 1927 hodiernos
1059 1874 1088 1928 et
1101 1885 1203 1928 omnies
1216 1866 1345 1929 Serretes
1357 1868 1418 1932 Dei
1433 1877 1462 1930 ci

142 1968 293 2052 patronos
306 1975 335 2030 et
347 1988 403 2030 eos
416 1985 508 2030 orare
517 1986 576 2047 pro
590 1986 637 2028 mc
646 1975 819 2048 peccatore.
847 1968 885 2030 Ut
900 1970 1067 2050 exemplum
1083 1971 1192 2031 habeas
1205 1972 1460 2033 iormulae'hbso·

146 2075 267 2136 lationis
292 2093 307 2135 a
330 2082 472 2135 consueta
491 2072 686 2151 discrepantis
709 2072 797 2133 adeas
818 2070 937 2133 blissale
953 2071 1096 2134 Cunicnse
1109 2076 1176 2133 anni
1191 2069 1287 2134 1589:
1314 2073 1462 2135 Dominus

145 2172 346 2238 nosterlesus
354 2172 491 2235 Christus
504 2191 559 2233 aas
571 2173 712 2234 absoluat
723 2181 753 2234 et
765 2192 819 2254 epo
832 2175 1014 2237 anctoritate
1026 2176 1194 2255 ipsiusque
1205 2174 1327 2255 funpor,
1335 2177 1460 2239 obsoleo

145 2297 236 2340 oasa
252 2264 386 2339 memte
396 2277 712 2351 excommonicationis
725 2277 851 2338 minoris
871 2277 900 2337 si
910 2259 1079 2349 incidistis,·
1097 2285 1126 2339 et
1139 2280 1265 2339 restituo
1278 2297 1334 2340 oos
1347 2287 1462 2357 septem

144 2380 346 2442 sacrementis
359 2385 389 2439 ei
401 2379 599 2439 communioni
608 2380 715 2438 matris
728 2379 873 2440 ecclesiae
887 2381 918 2439 in
930 2381 1047 2440 nomine
1056 2380 1155 2440 Petris
1167 2387 1196 2440 et
1208 2380 1276 2441 Filii
1287 2387 1318 2440 ct
1329 2381 1461 2460 Spiritus

144 2482 260 2546 Sancti.
277 2479 381 2542 Amen.
399 2480 587 2563 Nanoqnoad
599 2483 686 2540 sciam
703 2481 779 2541 idem
795 2500 859 2542 mos
875 2483 1034 2543 confitendi
1050 2493 1079 2542 et
1093 2482 1266 2544 absolvendi
1281 2495 1416 2545 servatur
1429 2487 1459 2545 in

146 2585 276 2648 ccclesia
290 2582 432 2656 Romana,
454 2591 580 2662 excepta
596 2581 722 2642 ecelesia
738 2581 937 2660 Lugdunensi‚
961 2585 1059 2643 multis
1081 2587 1209 2663 propriis
1223 2585 1328 2644 ritibus
1350 2604 1384 2664 ae
1399 2587 1459 2646 lon-

145 2688 233 2750 mulis
248 2687 367 2763 insigni.
389 2685 535 2746 Dissentit
554 2704 618 2744 cum
639 2686 668 2744 in
688 2683 917 2766 Praeparatione
932 2685 965 2744 ad
981 2685 1098 2745 Missam
1108 2689 1143 2746 ‘in
1159 2688 1339 2762 universam,
1356 2696 1414 2746 tum
1429 2689 1459 2747 in

148 2785 362 2852 confessione:
393 2786 487 2862 Deus,
507 2786 560 2865 qui
576 2804 637 2846 non
649 2793 773 2847 mortem
792 2787 849 2847 sed
859 2788 1073 2864 poenitentiam
1085 2788 1243 2847 desideras
1252 2794 1458 2865 peccatorum,

146 2911 194 2954 me
207 2893 348 2952 miserum
358 2889 556 2968 scapilemque
565 2896 787 2967 peccatorema
801 2897 854 2950 tua
866 2907 926 2949 non
934 2889 1066 2967 repellas
1075 2891 1187 2968 pietate
1200 2906 1295 2968 neque
1303 2890 1459 2970 adspicias

146 2995 191 3055 ad
196 3000 323 3072 peccata
335 3000 365 3054 et
376 2992 494 3053 scelere
505 3008 574 3052 mea
588 2997 616 3050 ct
628 2992 798 3052 imundas
811 2999 972 3070 turpesque
985 2979 1190 3070 capitolinum,
1203 2992 1311 3078 quibus
1322 2989 1460 3069 flebiliter

147 3098 304 3175 disiunpar
316 3112 337 3155 a
351 3102 403 3155 tue
416 3094 580 3171 uoluntate,
601 3095 658 3153 sce
678 3095 720 3154 aci
736 3095 961 3155 misericordias
981 3103 1051 3154 treas
1070 3101 1100 3154 et
1115 3095 1204 3173 fidem
1217 3080 1459 3174 donationemque

147 3217 264 3275 corum,
293 3199 345 3277 pai
366 3215 424 3276 per
443 3216 490 3256 me
505 3200 698 3274 pecceimem
719 3201 802 3257 iuam
821 3203 964 3275 oppetunt
982 3197 1230 3258 misericordiam.
1265 3195 1305 3257 Et
1322 3199 1395 3276 puio
1412 3216 1459 3258 me

146 3303 299 3380 indiprarrm
316 3300 444 3359 medium
461 3299 540 3361 inter
562 3305 590 3358 te
613 3305 643 3359 et
657 3299 801 3378 populum
819 3306 902 3359 tuum
916 3301 987 3378 ficri
1010 3300 1145 3377 coluisti,
1164 3299 1218 3377 sac
1234 3317 1280 3359 me
1301 3299 1404 3377 talem,
1425 3306 1461 3360 ut

147 3405 236 3483 dipnc
251 3403 366 3482 possim
384 3419 516 3462 eaorarc
533 3401 771 3462 misericordiam
788 3408 870 3462 tuem
889 3421 947 3480 pra
961 3421 1008 3462 me
1026 3409 1124 3480 cipro
1144 3401 1247 3461 eodem
1263 3402 1375 3477 populo
1395 3409 1469 3466 tuos

148 3505 190 3569 Et
203 3505 332 3581 adiunpe
345 3521 435 3563 ooces
447 3508 570 3562 nostras
583 3504 707 3563 uocibus
716 3501 907 3582 Aequorum,
921 3512 955 3564 ut
964 3507 1042 3563 sicut
1056 3502 1099 3562 illi
1111 3509 1138 3562 te
1151 3502 1320 3587 laudantia
1337 3505 1460 3565 excelsa

149 3605 349 3681 beatitudine,
369 3604 413 3663 ita
433 3621 489 3663 nos
508 3598 625 3681 'quoquc
650 3609 754 3664 eorum
772 3607 941 3666 interuentu
961 3621 1133 3666 mereamur
1157 3609 1186 3662 te
1210 3603 1337 3665 muniere
1354 3606 1386 3666 in
1402 3607 1461 3668 bec

139 3707 398 3792 -pcreprinetione
432 3705 490 3766 Per
514 3704 682 3765 Dominum.
729 3708 862 3769 navem
890 3728 954 3768 cunr
976 3706 1053 3784 apnil
1071 3706 1170 3768 Gallos
1198 3709 1322 3768 studium
1345 3710 1460 3772 ferveat

114 3846 122 3858 ·
151 3809 188 3873 nir
208 3795 271 3872 aa?
297 3806 457 3889 im'yuomm'
480 3817 600 3868 veteres
626 3826 661 3869 oe
683 3808 845 3870 laudabiles
873 3809 1040 3871 Gallicanae
1067 3809 1212 3871 ecclesiae
1232 3813 1461 3882 consuetudines

151 3914 346 3978 commutandi
362 3933 425 3973 oum
440 3913 590 3988 Romanis,
604 3911 680 3972 haud
693 3914 755 3973 scio
770 3931 805 3973 an
821 3912 895 3992 apud
903 3905 1117 3991 Lugdunenses
1131 3913 1225 3974 adhno
1237 3895 1374 3977 servetur
1387 3917 1462 3977 haec

150 4019 273 4101 pulchra
287 4012 377 4096 cipio
393 4007 498 4076 orat'io.
679 4002 682 4006 ’
898 3998 903 4006 ’
1282 4013 1284 4018 ’

254 4119 305 4207 lll.
357 4116 436 4178 Varii
456 4119 529 4177 ritus
550 4114 622 4178 olini
641 4118 671 4178 in
693 4119 851 4179 versieulis
873 4127 903 4178 ci
921 4117 1072 4202 collectis,
1092 4107 1311 4182 confessionem
1326 4119 1461 4198 proxime

152 4221 345 4303 sequentibus
373 4229 456 4281 erant
473 4221 504 4279 in
522 4238 591 4289 nso:
613 4220 718 4282 doceat
737 4238 792 4281 nos
808 4219 888 4281 Ordo
902 4219 1010 4280 Missae
1033 4223 1208 4300 pontificalis
1228 4222 1258 4282 S.
1275 4203 1411 4295 Gncg'orii
1432 4222 1462 4280 in

153 4328 185 4386 in
205 4324 284 4387 valle
305 4324 487 4401 Gregoniana
511 4323 659 4383 dioecesis
678 4322 859 4384 Basileensis
879 4320 1016 4384 Marione
1035 4322 1145 4384 deant.
1161 4323 1286 4401 rit.l.p.
1302 4317 1378 4382 655:
1399 4320 1462 4382 Pri·

153 4443 235 4487 mum
257 4411 413 4488 Diaconos
436 4415 564 4503 praebet
589 4423 694 4484 abbati
708 4423 878 4504 penarium
898 4424 1165 4488 adosculandum.
1203 4423 1323 4493 Postce'
1337 4425 1465 4485 accedet

152 4512 276 4589 dicens}
296 4528 390 4590 halen
402 4547 419 4589 a
432 4529 519 4596 nohis
534 4527 662 4595 Domine
675 4536 732 4591 ete.
765 4525 834 4601 Quo
847 4528 926 4588 dicto
944 4527 1041 4589 abbas
1054 4509 1209 4602 osculetur
1222 4525 1337 4601 altare,
1359 4527 1466 4589 deinde

445 4631 449 4641 .
995 4619 1000 4628 ·
1203 4624 1250 4686 8*
