3202 5176
722 256 963 376 —sco¹

200 497 259 569 uel
280 494 486 612 hnnualern5
510 512 579 585 quo
600 491 655 561 die
674 511 735 563 eos
756 491 872 584 iugali
880 489 1020 562 vinculo
1042 493 1177 567 sociare
1195 490 1359 583 dignatus
1373 510 1427 582 es,
1444 490 1519 587 pla-

200 582 298 671 catus
327 597 495 690 suscipias
524 594 766 689 deprecamur.
804 593 847 665 ob
875 593 941 663 hoc
968 595 1071 684 igitur
1092 593 1239 665 reddunt
1260 594 1320 665 tihi
1341 607 1426 668 vota
1455 619 1516 669 sua

201 701 279 772 Deo
305 720 391 769 vero
425 706 458 767 et
485 699 590 782 vivo,
615 716 679 790 pro
710 695 831 788 quibus
860 694 1058 766 tremendae
1083 699 1201 792 pietati
1230 706 1311 768 tuae
1338 699 1517 795 supplices

199 801 371 873 fundimus
394 820 534 894 preces:
566 806 603 867 ut
627 798 758 892 pariter
775 797 865 868 bene
892 807 926 867 et
952 796 1086 891 pacifici
1112 809 1294 871 senescant
1308 810 1349 879 et
1375 802 1517 874 uideant

200 911 236 973 et
266 901 356 973 filios
383 900 531 971 liliorum
560 920 700 971 suorum
729 919 839 993 usque
861 901 895 968 in
917 901 1051 970 tertiam
1078 909 1112 971 et
1138 898 1295 994 quartam
1311 906 1516 996 progeniem

200 1012 236 1074 et
256 1014 291 1074 te
317 1002 521 1074 benedicant
542 1001 697 1072 omnibus
719 999 839 1072 diebus
861 1002 953 1071 vitae
984 1024 1076 1072 suae.
1129 1003 1197 1074 Per
1213 999 1385 1076 Christum
1399 1005 1515 1077 Domi-

136 1132 138 1136 ’
199 1126 280 1177 num
301 1116 464 1178 nostrum.
519 1104 629 1189 Quam
651 1102 860 1174 oblationem
886 1112 923 1173 tu
950 1102 1056 1173 Deus.

122 1270 127 1275 .
250 1216 459 1295 Percompleas
475 1213 623 1276 (lenonem
642 1214 820 1293 plenarium:
838 1223 867 1274 et
883 1214 956 1274 dicis
973 1214 1142 1275 Orationem
1162 1215 1335 1295 dominicam
1351 1225 1380 1276 et
1394 1218 1440 1277 sic
1453 1235 1514 1279 eam

198 1316 352 1378 benedicis
370 1317 416 1378 tris
434 1318 550 1378 vanis:
570 1307 666 1380 Deus
694 1309 751 1400 qui
776 1306 893 1378 mundi
914 1310 1101 1381 crescentis
1124 1308 1269 1387 exordio
1291 1309 1513 1404 multiplicata

198 1410 298 1505 prole
315 1409 503 1498 benedicis
522 1411 707 1504 propitiare
724 1407 1026 1503 supplicationibus
1044 1411 1170 1481 nostris
1189 1416 1224 1480 et
1242 1431 1346 1506 super
1364 1411 1454 1482 hanc
1465 1412 1513 1483 ia-

197 1510 324 1591 mulam
341 1521 433 1582 tuam
453 1533 554 1605 opem
571 1520 650 1581 tuae
667 1509 915 1585 benedictionis
933 1509 1090 1581 infunde:
1108 1519 1145 1580 ut
1162 1513 1196 1580 in
1213 1513 1322 1604 iugali
1336 1518 1512 1585 consortio

197 1614 322 1687 affectu
343 1615 507 1707 comparia
525 1621 652 1700 mente,
671 1611 852 1698 consimili,
871 1611 1048 1685 sanctitate
1065 1623 1180 1683 mutua
1194 1614 1409 1708 copulentur.
1437 1610 1511 1686 Per.

298 1724 407 1804 Incipit
424 1722 614 1785 benedictio:
637 1713 739 1784 Pater
766 1712 881 1782 mundi
908 1712 1064 1784 eonditor
1092 1722 1220 1785 etc.·ut
1242 1738 1273 1809 p.
1303 1718 1390 1787 258.

168 1878 177 1885 .
298 1825 371 1887 Post
384 1825 458 1886 haee
472 1818 628 1889 dicisPax
641 1815 829 1887 vobiscum.
857 1823 896 1883 Et
908 1826 953 1884 sic
967 1842 1019 1884 eos
1035 1828 1239 1888 communicas.
1262 1816 1381 1888 Deinde
1395 1837 1512 1908 postea-

197 1945 283 2008 quam
299 1913 632 2012 communicaverintl),
658 1925 731 1986 dicis
746 1942 836 2004 super
851 1944 904 1987 eos
918 1926 1160 1988 benedictionem
1174 1928 1219 1988 his
1234 1930 1351 1990 verbis·
1364 1920 1513 2001 Domine

196 2028 328 2107 sancte,
347 2019 449 2090 Pater
469 2023 695 2115 omnipotens,
719 2027 859 2087 aeterne
879 2017 987 2106 Deus,
1008 2022 1138 2092 iteratis
1156 2021 1315 2121 precibus
1332 2032 1368 2093 te
1382 2022 1513 2117 suppli-

76 2173 80 2179 ·
197 2140 257 2192 ces
278 2140 484 2208 exoramus,
505 2142 569 2216 pro
594 2118 716 2213 quibus
740 2119 829 2212 apud
851 2128 885 2188 te
907 2120 1117 2215 supplicator
1144 2130 1196 2194 est
1224 2110 1394 2195 Christus:
1428 2145 1513 2193 con-

188 2218 388 2303 iunctiones
411 2220 616 2293 famulorum
642 2231 779 2292 tuorum
800 2219 924 2291 fovere
951 2222 1122 2313 digneris·
1149 2221 1407 2297 benedictiones
1433 2235 1512 2296 tuas

195 2325 360 2418 excipere
381 2334 577 2394 mereantur
603 2332 637 2393 et
663 2320 809 2393 filiorum
836 2322 1054 2396 successibus
1080 2322 1346 2396 foecundentur:
1377 2329 1514 2445 nuptias

197 2445 319 2523 eorum
343 2426 433 2502 sicut
454 2428 554 2520 primi
576 2425 720 2497 hominis
748 2422 952 2495 confirmare
980 2425 1130 2516 dignare
1166 2424 1382 2499 Avertantur
1400 2426 1443 2499 ab
1464 2430 1513 2500 eis

193 2527 320 2597 inimici
341 2547 460 2599 omnes
481 2529 625 2601 insidiae
645 2535 683 2595 ut
706 2528 918 2598 sanctitatem
946 2525 1084 2612 Petrum
1108 2530 1244 2634 etiam
1233 2551 1269 2598 ιιι
1289 2531 1368 2624 ipso
1396 2533 1514 2601 eoniu-

194 2630 252 2723 gio
269 2631 454 2718 imitentur,
475 2652 532 2723 qur
522 2627 762 2724 providentia
775 2637 832 2698 tua
850 2622 997 2697 Domine
1018 2622 1180 2722 coniungi
1192 2641 1403 2702 meruerunt.
1434 2632 1510 2703 Per.

296 2739 369 2801 ltem
384 2747 455 2818 post
468 2738 721 2802 communionem.
739 2726 875 2800 Exaudi
888 2749 952 2801 nos
966 2729 1112 2802 Domine
1126 2730 1252 2829 Sancte
1263 2742 1328 2805 ele.
1331 2743 1418 2832 ut.p
1427 2735 1510 2806 257.

749 2905 953 2918 ...an—u·—

192 3061 262 3142 111.
291 3061 466 3171 cunule
492 3064 558 3135 AD
580 3063 783 3139 SPONSOS
805 3066 1160 3143 BENEDIOENDOS
1182 3068 1213 3141 Ε
1236 3063 1512 3142 SACRAMEN-

585 3166 728 3240 TARIO
757 3167 1068 3244 GREGORIANO.
1078 3168 1113 3268 2)
1244 3167 1249 3176 ’

292 3299 429 3375 Exaudi
449 3322 514 3374 nos
536 3311 599 3372 etc.
623 3322 654 3373 ιι
676 3332 704 3393 p.
728 3307 812 3377 257

695 3486 831 3572 ‘Super
859 3485 997 3581 oblata.

294 3603 440 3703 Suscipe
467 3630 673 3702 quaesumus
700 3621 763 3681 etc.
791 3600 821 3701 pss
842 3616 914 3715 257.
964 3692 982 3712 x
1054 3698 1057 3705 ,
1124 3695 1128 3702 ,

190 3748 401 3762 ’.Μ

162 3845 166 3868 ι
254 3807 284 3885 l)
301 3811 386 3870 Vides
405 3828 483 3885 qnam
501 3814 625 3886 antiquus
645 3814 681 3871 sit
695 3815 741 3870 illc
756 3831 831 3885 mos,
849 3830 884 3869 ex
899 3829 954 3885 qno
969 3812 1076 3868 accedit
1085 3810 1120 3867 ad
1130 3810 1330 3868 Sacramentum
1341 3809 1512 3867 Matrimonii

154 3928 157 3933 ·
191 3894 395 3955 Sacramentum
405 3896 600 3955 Eucharistiae.
633 3901 725 3955 hlonet
739 3899 887 3955 Concilium
902 3897 1100 3967 Tridentium,
1120 3896 1261 3968 utSponsi
1279 3902 1424 3966 antequam
1444 3909 1513 3950 con-

190 3981 316 4052 amant,
337 3983 383 4039 vel
402 3983 498 4039 saltem
521 3983 613 4040 triduo
630 3990 692 4039 ante
704 3983 960 4047 consummationem
973 3981 1151 4049 matrimonii,
1171 3997 1219 4048 sua
1231 3979 1513 4053 peccatadiligeuter

191 4067 372 4125 coarmantur
383 4067 460 4124 etad
469 4067 656 4132 Eucharistiae
671 4067 872 4131 Sacramentum
883 4065 1030 4123 accedant:
1046 4082 1106 4121 nam
1116 4064 1142 4121 si
1152 4064 1219 4121 illud
1230 4064 1430 4120 contraherent
1444 4079 1514 4134 pec·

191 4157 254 4221 cate
266 4152 374 4215 mortali
385 4152 504 4209 nondum
516 4153 607 4209 deleto
619 4169 669 4224 per
665 4150 871 4209 contritionem
885 4151 928 4207 vel
938 4166 995 4224 per
999 4150 1210 4220 contessionem,
1224 4147 1337 4217 indigne
1350 4147 1515 4219 reciperent

190 4216 393 4293 Sacramentum
402 4254 435 4294 ae
449 4252 550 4295 novun
561 4236 677 4292 mortale
692 4241 833 4308 peccatum
845 4230 1025 4299 incurerrent.
1048 4230 1147 4297 Tamen
1158 4240 1188 4289 ut
1198 4232 1317 4290 sentiunt
1332 4231 1445 4302 plurimi
1457 4232 1515 4285 llu-

190 4304 335 4390 tnebrae,
345 4320 496 4381 Caocnille
511 4318 636 4377 continet
646 4320 790 4376 consilinm
800 4324 912 4389 tantum,
923 4335 978 4375 non
989 4324 1164 4391 praeceptum
1179 4323 1206 4373 et
1220 4332 1286 4372 sane
1298 4317 1381 4371 multa
1396 4321 1515 4428 conha-

189 4400 289 4459 iruntar
299 4405 468 4463 matrimonia
480 4405 540 4462 sine
554 4403 708 4475 sumptione
719 4403 880 4459 sacramenti
892 4401 1073 4462 eucharistici.
1124 4450 1127 4455 .

252 4483 933 4561 )01111111111011113111011111.Τ1ι.149
952 4485 1031 4545 8111
1044 4485 1081 4542 tx
1103 4483 1169 4541 olim
1179 4481 1329 4553 buglensis
1348 4482 1516 4540 nonactenii

189 4569 263 4644 apud
274 4570 433 4629 (herbertum
445 4573 561 4629 llonum.
570 4571 620 4633 hit.
631 4570 718 4631 diem.
730 4571 761 4626 tt
774 4587 801 4642 p.
812 4570 862 4627 45..
875 4624 890 4631 ,,
971 4618 974 4625 ,
988 4616 991 4623 ,
