3174 5176
142 780 145 788 .
166 687 201 786 ¹)
220 688 388 764 Dominus
413 685 602 763 vobiscum.

164 791 209 865 llt
231 815 309 865 cum
330 794 450 889 spiritu
471 800 542 863 tuo.

165 893 310 968 Sursum
330 895 454 967 cordax

164 997 339 1070 Habemus
361 997 405 1068 ad
427 996 620 1069 Dominum.

90 1152 93 1157 -
166 1097 302 1173 Gratias
322 1120 464 1192 agamus
485 1098 633 1171 Domino
654 1096 732 1169 Deo
754 1106 884 1170 nostro.
997 1162 999 1167 .

164 1202 316 1295 Dignum
337 1211 374 1275 et
393 1204 519 1277 iustum
541 1211 603 1276 est

165 1398 278 1498 VD.2)
302 1424 449 1498 aequum
472 1413 506 1475 et
528 1403 689 1478 salutare.
744 1401 820 1477 Nos
840 1402 901 1477 tibi
926 1424 1065 1499 semper
1088 1411 1122 1474 ct
1148 1402 1276 1501 ubique
1303 1424 1385 1501 gru*-

58 1510 127 1581 tue
153 1527 281 1601 agere,
311 1506 460 1579 Domine
487 1515 606 1581 sancte
632 1515 733 1603 pater
758 1509 988 1602 omnipotens,
1016 1516 1157 1579 aeterne
1181 1509 1296 1599 Deus,
1318 1533 1383 1605 per

62 1607 236 1687 curruum
253 1606 439 1682 Dominum
463 1619 627 1683 nostrum.
680 1609 749 1681 Per
771 1629 871 1704 quem
894 1612 1106 1685 maiestatem
1128 1612 1384 1703 tuam-'laudant

60 1711 205 1806 Angeli,
227 1710 657 1798 adorantDombrationeS,
672 1720 822 1783 tremunt
840 1710 1047 1799 Potestatee‚
1066 1709 1165 1783 Coeli
1179 1714 1384 1785 coelorum·

62 1837 131 1911 que
151 1817 298 1888 virtutes
324 1836 366 1884 ac
386 1812 487 1884 beata
515 1809 697 1908 Seraphim
705 1809 738 1909 ³)
762 1813 859 1886 socia
886 1813 1029 1883 exultat·
1006 1821 1101 1882 tuone
1123 1815 1381 1887 concelebrant

64 1915 150 1991 Dum
172 1915 295 2012 quibus
316 1925 352 1989 et
372 1925 511 1994 nostras
530 1935 644 1991 uoces
667 1923 705 1986 ut
730 1914 861 1986 admitti
893 1913 1014 1986 iubeas
1037 1913 1281 2009 deprecamur,
1304 1940 1383 2012 sup-

60 2020 145 2116 plici
163 2017 386 2095 confessione
406 2017 580 2093 dieentesa
608 2013 673 2090 Scs
695 2012 761 2093 Sca
782 2013 848 2089 ses
858 2010 895 2113 4)
918 2016 1085 2090 Dominus
1108 2019 1205 2093 Deus
1220 2016 1381 2091 Sabaoth

61 2122 162 2197 Pleni
182 2130 261 2197 suut
283 2121 375 2195 coeli
400 2130 436 2193 et
455 2130 550 2193 terra
572 2120 685 2213 gloria
709 2129 781 2191 tua
834 2116 1006 2192 Osanna
996 2138 1040 2195 ιιι·-
1056 2120 1218 2195 excelsis
1271 2121 1385 2193 Bene

62 2224 174 2299 butus
202 2225 260 2318 qui
280 2225 405 2297 veuit
395 2246 432 2297 ur
451 2224 591 2297 nomine
612 2222 760 2297 Domini.
817 2219 990 2294 Osanna
981 2243 1016 2293 ιιι
1038 2223 1202 2298 excelsis

165 2325 217 2396 'le
245 2327 370 2416 igitur,
403 2325 671 2401 clementissime
690 2325 797 2401 Pater
823 2346 899 2420 per:
913 2322 1028 2397 lesum
1056 2321 1229 2401 cursum
1259 2322 1387 2397 Filium

59 2438 159 2501 tuum
179 2427 365 2497 Dominum
381 2436 540 2499 nostrum
564 2427 739 2524 supplices
765 2446 932 2519 rogamus
952 2436 988 2499 et
1008 2429 1155 2521 perimus
1174 2429 1228 2500 nti·
1239 2437 1384 2521 accepta

60 2529 193 2602 habeas
206 2524 241 2621 ⁵)
265 2536 299 2601 et
313 2526 499 2600 benedicas
518 2528 606 2599 baec
627 2529 731 2616 dona,
752 2528 1016 2619 baeemuuer'a,
1035 2528 1124 2600 baec
1138 2537 1257 2605 sancta
1278 2532 1385 2603 sacri·

60 2632 143 2705 icio
163 2628 317 2705 inlibata
371 2627 528 2727 Inprimis
548 2650 638 2725 quae
659 2630 720 2701 tibi
741 2630 916 2704 offerimus
934 2653 1000 2726 pro
1015 2633 1164 2706 ecclesia
1184 2641 1244 2703 tua
1262 2629 1388 2705 ‘sanae

64 2730 259 2821 cannuca,
282 2751 384 2827 quam
403 2731 605 2828 pacificare,
628 2731 818 2823 crutodirm
847 2732 1000 2807 adunare
1019 2743 1055 2805 ct
1076 2756 1204 2826 regere
1231 2734 1384 2826 digneris

62 2846 135 2909 toto
159 2833 246 2907 orbe
260 2844 434 3034 pprrar'uru
453 2854 536 2911 uua
544 2856 622 2912 cum
642 2834 773 2914 fannio
789 2845 848 2908 tue
868 2835 963 2931 Pape
983 2847 1106 2914 nostro
1123 2838 1162 2909 ill
1181 2845 1216 2908 et
1234 2839 1385 2964 antistite

64 2948 188 3023 nostru
210 2936 251 3011 ill

164 3037 339 3113 Memento
353 3039 501 3131 Domine
520 3038 727 3117 famulorum
743 2986 1016 3133 famularumque
1034 3050 1171 3113 tuarum
1183 3049 1217 3111 et
1234 3044 1385 3111 omnium

65 3143 373 3230 circumstantium,
415 3163 560 3236 quorum
587 3141 649 3213 tibi
682 3136 768 3215 fides
800 3144 938 3233 cognita
968 3151 1083 3217 estet
1113 3152 1195 3217 nuta
1228 3140 1345 3213 devot'
1322 3149 1384 3229 tro,

65 3248 121 3341 qui
140 3244 207 3316 tibi
234 3244 382 3317 ollerunt
407 3242 484 3320 boe
498 3243 704 3321 sacrificium
733 3244 858 3323 laudis
873 3266 939 3339 pro
966 3267 1008 3323 sc
1034 3247 1175 3341 suisque
1208 3243 1384 3316 omnibus·

63 3370 126 3444 pro
153 3345 391 3441 redemptione
417 3348 606 3422 aniruaram
631 3362 795 3499 suarum,
817 3364 887 3507 pro
913 3366 978 3443 spe
992 3348 1124 3421 salutis
1151 3357 1186 3418 et
1207 3346 1392 3426 incolumi·
1454 3408 1457 3412 .

64 3452 143 3524 tatis
165 3446 305 3545 aua07).

166 3550 200 3650 ⁸)
229 3548 421 3647 [Memento
447 3551 552 3625 etiam
577 3518 747 3627 Domine.
758 3560 795 3625 et
827 3515 1017 3631 animarum
1043 3549 1251 3627 famulorum¹
1276 3517 1389 3632 iamu

64 3653 244 3775 mque
273 3661 408 3727 tuarum
434 3650 586 3725 bdelium
617 3650 910 3727 Catholicorum
901 3676 937 3724 m
964 3651 1101 3725 Christo
1125 3655 1386 3747 quiescentium,

65 3758 124 3851 qui
142 3764 227 3830 nos
222 3761 518 3853 praecesserunt
544 3753 683 3834 illorum
709 3755 924 3843 stilianum,
951 3756 1027 3848 qui
1035 3777 1099 3850 per
1125 3757 1387 3850 eleemosynam

64 3866 100 3933 et
113 3857 378 3935 confessionem
396 3856 458 3929 tibi
482 3855 631 3933 reddunt
652 3865 735 3929 vota
757 3877 820 3931 sua
842 3865 997 3930 aeterno
1006 3854 1086 3931 Deo
1108 3861 1193 3930 vivo
1215 3869 1250 3937 et
1267 3855 1390 3953 vero}

115 3958 428 4037 ·.Gommunicant
414 3969 467 4032 tes
494 3968 529 4032 et
556 3961 756 4033 memoriam
784 3969 990 4034 venerantes
1019 3962 1172 4055 inprimis
1207 3962 1389 4055 gloriosae

70 4084 279 4160 semperque
303 4064 448 4155 virginis
472 4059 606 4135 Mariae
637 4063 815 4155 genitricis
844 4062 912 4134 Dei
938 4072 974 4135 et
1000 4061 1138 4135 Domini
1170 4065 1280 4139 nostri
1305 4061 1389 4139 lesu

66 4163 299 4243 Christiased
317 4174 353 4237 et
372 4165 552 4238 beatorum
571 4163 823 4260 Apostolorum
843 4187 885 4239 ac
905 4163 1098 4260 Martyrum
1118 4176 1255 4239 tuorum
1277 4163 1386 4253 Petri,
1468 4242 1473 4249 .

65 4266 184 4357 Pauli,
218 4267 403 4357 Andreae,
433 4265 570 4357 iacobi,
596 4266 777 4358 iohannis,
811 4265 1034 4365 irenaeo,
1065 4267 1202 4355 lucebi,
1238 4263 1389 4361 Philippi

68 4418 115 4476 tibi
125 4421 244 4478 reddunt
255 4428 320 4477 vota
331 4438 379 4478 sua
391 4428 504 4476 aeterno
522 4423 581 4477 Deo
592 4421 657 4479 vivo
669 4431 696 4479 et
713 4440 790 4481 vero.
838 4420 870 4499 8)
886 4423 989 4479 Desunt
1009 4439 1078 4495 quae
1100 4419 1297 4477 uncis'inclusa
1312 4424 1383 4475 sunt

69 4503 181 4565 Prorsus
190 4505 340 4576 singularis
349 4512 392 4566 est
401 4505 978 4571 baecdefunctorumcnteuonsecrationeru
988 4504 1222 4566 commemoratio.
1272 4502 1386 4581 illibe-

68 4603 126 4649 nrae
146 4631 156 4651 .
176 4622 255 4653 η..
275 4586 361 4667 (lineo
380 4588 491 4665 abrasa)
510 4590 612 4649 iacobi.
