3202 5176
685 341 760 410 333

65 528 286 622 Angelorum
299 534 425 597 coetus
447 533 623 596 occurrat:
646 525 753 595 iudex
771 523 1022 618 Apostolorum
1043 530 1182 596 senatus
1204 521 1381 592 adveniat·

66 630 323 707 candidatorum
350 628 409 699 tibi
434 625 623 720 Martyrum
654 626 879 722 triumphator
910 628 1084 705 exercitus
1113 610 1246 694 obviet:
1277 610 1381 693 liliata

65 735 274 807 rutilantium
294 741 330 802 te
357 728 604 802 Conlessorum
629 738 739 801 turma
767 728 974 805 circumdet:
1006 727 1214 799 iubilantium
1242 735 1276 796 ιι
1302 723 1381 795 Vir

66 840 184 930 ginum
204 835 331 906 chorus
359 834 524 926 excipiat=
548 840 582 901 et
608 808 729 902 beatae
757 833 908 924 quietis
899 852 932 900 m
959 833 1034 903 sinu
1053 829 1324 901 Patriarcharnm
1347 838 1381 897 ιι

66 939 270 1033 complexus
297 936 504 1053 adstringat:
528 935 616 1006 mitis
640 943 742 1027 atque
764 932 909 1006 festivus
935 929 1060 1004 Christi
1080 931 1159 1004 lesu
1181 932 1245 1003 tibi
1261 930 1380 1024 adspe-

68 1052 143 1115 ctus
163 1040 339 1135 appareat,
363 1039 419 1131 qui
446 1045 480 1106 te
507 1039 596 1106 inter
619 1038 818 1109 assistentes
839 1034 904 1108 sibi
926 1037 1050 1126 iugiter
1068 1037 1238 1106 interesse
1262 1032 1380 1103 decer-

66 1154 133 1219 nat.
188 1141 333 1234 ignores
360 1160 460 1211 omne
483 1137 575 1231 quod
595 1138 741 1209 borrct'
732 1160 767 1208 m
787 1138 950 1227 tenebris,
978 1137 1070 1231 quod
1094 1137 1243 1210 stridet
1235 1159 1269 1208 m
1281 1134 1380 1205 llam

67 1248 144 1334 mis,
165 1243 258 1338 quod
280 1243 409 1313 cruciat
428 1244 463 1311 in
482 1243 668 1313 tormentis.
714 1238 822 1311 Cedat
840 1240 901 1311 tibi
921 1242 1116 1313 teterrimus
1137 1237 1280 1311 Satanas
1305 1260 1384 1310 cum
1496 1286 1501 1292 -
1560 1221 1563 1224 ’

68 1345 269 1421 satellitibus
291 1348 380 1418 suis:
402 1347 435 1414 in
452 1343 606 1414 adventu
627 1352 686 1414 tuo
708 1352 742 1414 te
764 1344 1001 1416 comitantibus
1017 1345 1165 1437 Angelis
1184 1351 1382 1420 contremis-

69 1459 141 1538 cat,
173 1458 278 1542 atquc
310 1450 345 1517 in
377 1456 539 1517 aeternae
565 1447 677 1518 noctis
704 1446 810 1519 cbaos
835 1449 982 1518 immane
1010 1446 1171 1540 diffugiat.
1224 1448 1383 1543 Exurgat

68 1550 164 1624 Dens
191 1561 226 1620 et
252 1549 459 1642 dissipentur
480 1549 605 1617 inimici
624 1549 718 1620 eius:
741 1558 777 1618 ιιι
796 1549 927 1640 fugiant
949 1553 1006 1645 q'ui
1029 1551 1175 1622 oderunt
1196 1573 1274 1623 enm
1294 1575 1314 1622 a
1333 1551 1384 1625 fa-

68 1656 122 1725 cie
156 1655 239 1723 eius.
293 1646 391 1722 Sicut
417 1647 530 1720 deficit
554 1649 687 1738 fumus,
720 1648 894 1722 deficiant:
928 1654 1017 1723 sicut
1041 1650 1114 1721 linit
1140 1676 1221 1729 cera
1248 1677 1269 1724 a
1294 1654 1384 1725 iacie

66 1757 177 1846 ignis,
206 1755 255 1835 sic
282 1759 426 1845 pereunt
457 1760 660 1845 peccatores
690 1774 710 1820 a
739 1750 828 1823 facie
850 1751 936 1840 Dei;
970 1761 1004 1823 ct
1036 1756 1116 1825 insti
1142 1755 1323 1849 epulentur
1349 1766 1384 1826 et

68 1856 253 1927 exultent
244 1877 292 1926 ιιι
302 1862 489 1948 conspectu
511 1852 585 1924 Dei
631 1851 890 1926 Confundantur
908 1857 1012 1947 igitur
1036 1863 1070 1925 et
1088 1855 1293 1929 erubescant
1309 1879 1384 1927 o-m

67 1978 131 2030 nes
156 1966 327 2030 tartareae
355 1956 512 2048 legiones
536 1966 570 2027 ιι
596 1958 738 2030 ministri
760 1954 908 2029 Satanae
927 1961 993 2029 iter
1015 1968 1109 2029 tuum
1127 1958 1292 2054 impedire
1314 1980 1384 2030 non

69 2060 225 2132 audeant.
267 2057 405 2130 Liberat
424 2068 459 2129 te
482 2081 502 2128 a
524 2061 676 2141 cruciatu
696 2056 866 2150 Christus⁷
888 2063 949 2155 qui
970 2083 1033 2155 pro
1054 2070 1090 2130 te
1113 2060 1297 2135 crucifixus
1321 2072 1382 2135 est.
1467 2096 1470 2100 “
1530 2106 1532 2113 1

68 2163 207 2258 Liberat
229 2172 263 2232 to
283 2161 325 2232 ab
346 2172 484 2233 aeterna
505 2171 615 2233 morte
635 2158 802 2253 Christus,
825 2165 882 2257 qui
902 2185 966 2259 pro
986 2172 1022 2233 te
1039 2166 1127 2233 mori
1146 2163 1303 2256 dignatus
1321 2176 1382 2239 est.

68 2264 259 2338 Constituat
277 2275 311 2335 te
334 2261 487 2337 Christus
511 2263 619 2340 Filius
632 2264 698 2335 Dei
716 2267 790 2336 vivi
807 2267 895 2337 intra
912 2265 1062 2359 paradisi
1080 2268 1133 2338 sui
1151 2288 1288 2360 semper
1306 2288 1382 2336 amo

69 2388 136 2438 ena
150 2369 316 2452 virentia,
330 2375 364 2436 et
377 2368 466 2436 inter
481 2386 568 2438 oves
583 2388 663 2438 suas
678 2376 832 2440 teucrus
846 2368 906 2439 ille
922 2368 1045 2439 Pastor
1058 2378 1233 2460 agnoscat.
1261 2368 1325 2439 llle
1341 2366 1383 2439 ab

69 2468 227 2541 omnibus
247 2470 398 2562 peccatis
412 2469 479 2538 tuis
492 2479 526 2538 te
541 2467 711 2555 absolvat,
731 2477 832 2560 atque
846 2469 890 2539 ad
904 2469 1081 2540 dexteram
1096 2491 1192 2541 suam
1203 2473 1239 2539 in
1255 2471 1384 2549 electo-

67 2593 144 2642 rum
163 2591 302 2643 suorum
319 2581 352 2640 te
370 2581 464 2645 sorte
483 2573 674 2642 constituat.
702 2569 969 2666 Redemptorem
986 2581 1078 2642 tuum
1097 2570 1186 2640 facie
1205 2571 1383 2642 adfaciem

67 2674 217 2762 uidem,¹
231 2681 265 2742 et
283 2693 448 2766 praesens
468 2695 605 2765 semper
627 2675 809 2762 assistens,
830 2672 1136 2746 manifestissimam
1151 2672 1259 2766 beatis
1274 2674 1384 2746 oculis

69 2777 214 2872 aspicias
230 2777 420 2869 veritatem.
438 2768 649 2847 Constitutus
663 2777 765 2867 igitur
778 2774 867 2846 inter
879 2776 1013 2867 agmina
1027 2775 1219 2865 beatorum,
1233 2786 1386 2865 contem
1400 2820 1405 2840 .·
1430 2845 1434 2851 ,

67 2879 227 2973 plationis
246 2877 382 2948 divinae
401 2876 582 2947 dulcedine
598 2879 741 2971 potiaris
759 2879 947 2952 insaecula
961 2879 1188 2952 saeculorum.
1209 2874 1382 2974 ,Amen.¹)

171 2977 315 3074 Suscipe
337 2979 484 3050 Domine
506 3001 644 3051 servum
666 2980 758 3052 tuum
781 2979 951 3051 inlocum
973 2981 1163 3076 sperandae
1186 2981 1251 3053 sibi
1271 2983 1385 3054 salva·

68 3084 170 3154 lionis
189 3103 208 3150 a
229 3081 473 3153 misericordia.
501 3088 555 3151 llio
570 3102 599 3151 et
613 3092 648 3152 ad
662 3102 823 3171 sequentes
839 3110 946 3172 preces
960 3092 1168 3171 respondetur.
1196 3084 1319 3153 Amen.

172 3181 295 3253 Libera
308 3182 454 3253 Domine
477 3187 621 3254 animam
642 3188 804 3256 servitui
826 3207 872 3257 ex
896 3184 1051 3259 omnibns
1074 3187 1236 3281 periculis
1260 3183 1404 3255 inferni»

70 3295 104 3357 et
126 3284 170 3355 de
192 3284 325 3379 laqueis
351 3305 540 3379 poenarum
554 3297 596 3361 et
621 3310 667 3357 ex
695 3287 850 3360 omnibus
875 3287 1158 3361 tribulationibus.

172 3386 295 3458 Libera
321 3386 468 3458 Domine
495 3390 638 3458 animam
665 3392 760 3485 serpi
785 3392 854 3478 tuiff
891 3392 979 3462 sicut
1005 3389 1158 3462 liberasti
1184 3385 1328 3457 Henocb
1351 3396 1385 3456 et
1419 3376 1429 3393 ⁸

68 3490 178 3560 Eliam
207 3490 250 3559 dc
273 3491 443 3560 communi
464 3501 574 3560 morte
600 3492 726 3561 mnndi.

172 3590 295 3662 Libera
308 3591 455 3662 Domine
474 3594 617 3662 animam
636 3595 793 3665 servitui
812 3594 900 3664 sicut
914 3591 1067 3664 liberasti
1080 3590 1158 3662 Noe·
1183 3589 1225 3659 de
1240 3589 1381 3660 diluvio.

172 3693 296 3764 Libera
318 3702 382 3797 etp.
404 3686 493 3765 sicut
514 3693 668 3766 liberasti
689 3694 865 3766 Abrabam
893 3694 936 3764 de
958 3693 1007 3764 Ur
1030 3691 1279 3764 Chaldaeorum

172 3795 296 3866 Libera
319 3805 383 3866 ιιι
408 3797 495 3869 sicut
517 3796 669 3868 liberasti
696 3796 756 3867 lob
786 3795 829 3866 de
851 3796 1067 3891 passionibus
1092 3799 1181 3869 suis

173 3897 296 3968 Libera
320 3909 383 3969 etc
408 3901 495 3970 siout
517 3898 669 3972 liberasti
696 3899 794 3972 lsaac
822 3899 865 3969 de
887 3898 998 3970 hostia
1026 3908 1060 3969 et
1087 3898 1129 3970 de
1156 3922 1257 3970 manu
1279 3900 1383 3992 patris

68 4006 122 4077 sui
142 4000 316 4072 Abrahae.

171 4103 295 4175 Libera
317 4112 382 4175 cto.
404 4104 492 4176 sicut
511 4103 665 4176 liberasti
685 4101 750 4175 Lot
770 4102 813 4173 dc
832 4098 992 4175 Sodomis
1014 4112 1049 4174 et
1070 4103 1112 4174 de
1133 4100 1293 4172 flamma
1284 4101 1382 4191 ignis.

171 4207 294 4303 Libera
316 4215 382 4278 etc.
405 4207 493 4278 sicut
519 4206 672 4279 liberasti
694 4203 842 4300 Moysen
869 4206 912 4276 de
939 4224 1039 4276 manu
1062 4206 1263 4290 Pharaonis,
1290 4203 1384 4294 regis

69 4308 332 4441 Aegyptiorum.
378 4351 383 4359 ·

67 4466 277 4478 m-

135 4544 165 4620 1)
186 4547 258 4602 llaec
280 4549 371 4604 oratio
386 4547 595 4604 Commendo
617 4553 649 4602 ιι
666 4554 719 4608 eto.
736 4554 780 4604 ιιι
793 4546 901 4617 integra
922 4545 1038 4618 epistola
1057 4543 1128 4598 Petri
1146 4543 1283 4613 damiani,
1305 4558 1383 4614 ιιιιιιιι

72 4572 182 4703 scripsit
197 4631 285 4688 amico
301 4633 435 4689 morienti.
