3202 5176
730 308 828 403 'ara

137 532 275 604 nomine
288 521 416 621 tttuml),
438 519 597 616 quemad
615 515 892 591 subdiaconatus
912 515 1066 597 officium
1077 514 1236 607 diguatus
1252 536 1291 590 es
1306 514 1456 609 eligere:
1492 535 1496 549 ··

137 643 176 705 ιιι
191 644 275 702 'eum
299 626 459 701 Sacrario
479 617 584 718 tuo²)
607 631 725 694 saneto
747 630 923 694 strenuum
947 616 1201 711 sollicitumque
1225 618 1375 691 coelesti
1400 623 1460 692 mi-

139 736 233 807 litiae
252 732 421 816 instituas,
444 735 480 797 ut
503 727 630 798 sanctis
652 723 815 795 altaribus
834 720 981 806 fideliter
1003 719 1235 803 subministret
1262 732 1297 792 et
1322 724 1460 818 requie-

140 845 215 912 scat
240 853 344 926 super
370 851 448 901 euru
475 830 612 923 spiritus
639 827 828 920 sapientiae
855 834 889 895 et
916 822 1131 911 intellectus,
1157 824 1298 917 spiritus
1327 826 1462 899 consilii

141 948 176 1009 et
202 932 427 1020 fortitudinis,
454 931 591 1027 spiritus
618 923 784 1000 scientiae
815 934 848 996 et
880 928 1035 1021 pietatis,
1064 925 1203 1020 repleas
1233 946 1313 996 eum
1342 929 1462 1022 spiritu

140 1040 273 1112 timoris
296 1038 363 1124 tui,
392 1043 430 1104 ut
459 1053 537 1102 eum
557 1031 746 1101 ministerio
755 1025 790 1125 8)
812 1028 929 1100 divino
957 1025 1159 1114 confirmes,
1186 1034 1224 1096 ut
1251 1027 1462 1126 obediens4)

142 1150 245 1236 atque
266 1138 356 1210 dicto
379 1156 524 1231 pareus,
543 1142 636 1202 tuam
658 1133 803 1223 gratiam
824 1139 1065 1223 consequatur.
1119 1129 1196 1200 Per'.

247 1237 532 1314 Consecratio
550 1254 751 1304 manuum.
778 1228 1033 1305 consecrentur
1046 1251 1167 1304 manus
1181 1234 1269 1322 istae
1284 1253 1352 1329 per
1365 1235 1461 1307 istam

142 1337 338 1417 unctionem
356 1350 392 1410 et
407 1335 868 1411 nostrambenedictionemz
890 1345 927 1405 ut
947 1354 1174 1428 quaecuuque
1195 1333 1460 1423 benedixerunt,

42 1468 47 1475 ·
141 1445 322 1518 benedicta
342 1444 407 1513 sint
422 1451 455 1510 et
478 1459 566 1532 quae
584 1436 870 1509 sanctificaverint
888 1434 1151 1510 sanctificentur.
1190 1435 1259 1507 Per
1279 1438 1460 1510 Dominum

312 1542 330 1589 5

149 1543 417 1736 nosmslienqugutur
435 1654 463 1711 in
480 1649 591 1711 Codice
613 1650 686 1710 duae
708 1649 832 1726 Missae,
856 1650 948 1711 altera
969 1653 998 1709 iu
1017 1650 1112 1711 Natali
1133 1648 1379 1712 consecrationis
1398 1650 1461 1710 bia·

145 1761 231 1837 coni,
247 1759 340 1819 altera
359 1757 390 1815 in
404 1753 498 1815 Natali
512 1752 755 1814 (louseomtionis
771 1752 941 1828 Presbyteri
958 1771 1022 1813 cum
1034 1754 1178 1815 Oratione
1190 1750 1315 1830 llisseli,
1331 1753 1461 1852 Secreta,

143 1859 442 1934 Posteommunione,
469 1855 656 1917 Praelatioue
681 1864 770 1933 atque
792 1853 925 1935 Gplleeta
944 1856 1022 1916 inire
1044 1857 1209 1916 Actionem.
1251 1854 1408 1933 l‘ergimos
1429 1853 1482 1914 ad'

146 1954 257 2027 Orat.
284 1954 333 2023 de
356 1949 591 2045 Episcopis
620 1939 939 2043 Ordinandis⁶).

211 2165 239 2242 1)
272 2166 302 2226 ll,
328 2183 380 2223 om.
408 2166 687 2225 nomine·illum.
787 2164 818 2242 2)
840 2167 874 2222 ll.
897 2169 1095 2225 sacrarium
1121 2177 1222 2226 tuum.
1315 2164 1348 2242 3)
1370 2167 1405 2224 tt
1431 2166 1466 2222 ia'

147 2252 367 2309 ministerio.
457 2255 488 2322 4)
513 2252 544 2312 lt.
564 2248 743 2309 obediens
765 2251 873 2308 facto.
1164 2322 1167 2327 .
1288 2304 1295 2317 ,
1418 2267 1427 2283 ·

210 2332 242 2411 a)
260 2336 448 2394 subdiaconos
468 2337 624 2394 unctionem
640 2336 780 2408 accepisse
803 2353 926 2393 manuum
945 2338 1041 2394 credat
1061 2337 1175 2394 ludaeos
1195 2336 1304 2409 Apella·
1343 2336 1380 2392 At
1398 2350 1464 2392 vero

147 2436 206 2477 cum
222 2423 248 2476 iu
266 2421 355 2479 multis
374 2421 510 2479 Gelasiani
529 2438 562 2477 ac
582 2420 748 2491 Gregoriani
764 2421 975 2479 sacramentarii
989 2423 1131 2501 codicibus
1147 2421 1211 2478 libri
1227 2422 1349 2478 membra
1369 2420 1464 2477 misere

141 2496 264 2563 'disiecta
296 2505 365 2578 siat,
398 2508 469 2563 banc
499 2523 621 2562 manuum
646 2506 882 2562 consecrationem
909 2506 1038 2563 addamus
1070 2503 1184 2564 neeesse
1210 2512 1254 2565 ιιι
1281 2502 1462 2565 benedictioni

147 2590 382 2663 Presbyterorum,
391 2607 459 2664 quae
468 2591 537 2646 inira
546 2591 665 2663 ponitur.
697 2589 726 2646 Si
738 2590 956 2647 minoremiidem
969 2592 1074 2648 laceret
1085 2592 1219 2649 sententia
1230 2589 1462 2662 mem-adduceris,

146 2683 176 2731 nt
187 2690 290 2730 mecum
302 2676 458 2732 consentias
471 2676 538 2731 (iod.
553 2675 589 2731 ll.
602 2682 630 2731 et
641 2674 673 2734 ll.
685 2674 856 2736 auctoritate.
887 2676 1019 2733 Omittunt
1030 2677 1099 2732 bane
1112 2676 1350 2733 Subdinconorum
1361 2673 1462 2731 unebe-

146 2776 218 2829 nem,
240 2776 327 2833 aeque
347 2778 379 2818 ao
394 2761 507 2817 codices
522 2760 648 2818 Gerberti
663 2759 817 2819 Tamicensis
834 2777 908 2817 saec
926 2761 970 2833 lli.
986 2769 1013 2817 ιι
1031 2761 1226 2819 Eibsiedleusis
1240 2761 1376 2831 saech„
1388 2775 1462 2833 prce·

45 2854 51 2859 “
147 2844 254 2900 mittant
271 2845 436 2901 Praebebam
456 2852 485 2901 et
500 2844 688 2901 benedictioni
701 2844 925 2904 Exhortationem
939 2845 1070 2918 Episcopi
1085 2847 1143 2902 boo
1160 2845 1258 2902 modo:
1284 2845 1381 2919 „Vide
1395 2845 1462 2900 ouius

147 2926 323 2984 ministerium
334 2929 383 2985 tibi
398 2929 512 2984 traditor
524 2935 551 2984 et
565 2928 629 2985 ideo
642 2929 664 2990 si
680 2946 764 3001 usque
776 2946 847 3007 utute
858 2930 932 2985 fuisti
944 2930 1037 3007 tardus
1049 2930 1084 2985 a'd
1098 2931 1253 3013 ecelesiam,
1265 2929 1369 2987 amodo
1384 2929 1463 2986 debes

148 3027 211 3084 esse
231 3012 354 3068 assiduus
372 3008 409 3086 (si
427 3030 513 3084 usque
529 3031 598 3069 nuno
621 3015 806 3075 somnolentus
825 3014 924 3070 amodo
943 3015 1021 3085 vigil.
1035 3014 1081 3090 E.)
1103 3015 1126 3070 si
1146 3016 1232 3089 usque
1248 3031 1325 3076 nuuc
1344 3008 1465 3071 ebiiosus

147 3093 246 3153 amodo
262 3096 381 3167 sobrias,
392 3096 415 3153 si
427 3114 512 3169 usque
524 3115 593 3153 nune
602 3098 761 3154 inhonestus
777 3100 877 3155 amodo
891 3107 991 3156 castus.
1028 3100 1220 3171 Oblationes,¹
1231 3116 1302 3172 quae
1312 3092 1425 3156 reniunt
1440 3097 1465 3153 ln

146 3181 235 3238 altare
249 3169 335 3254 panes
354 3181 553 3254 propositionis
570 3182 749 3255 appellantur.
783 3184 823 3238 lle
841 3184 909 3256 ipsis
924 3184 1109 3241 oblationibus
1124 3191 1226 3242 tautum
1248 3184 1375 3242 debetis
1390 3178 1466 3240 altori
1486 3187 1490 3200 '

147 3265 229 3340 poni,
250 3265 375 3338 quamdiu
396 3269 500 3338 populo
515 3268 602 3338 possit
617 3268 764 3337 sufficere,
784 3284 819 3325 ue
840 3266 942 3340 aliquid
960 3269 1095 3340 putridum
1113 3270 1141 3327 iu
1151 3269 1287 3327 sacrario
1306 3273 1467 3327 ιιιιιιιιιι.

147 3345 242 3408 l’allue
260 3366 338 3421 vero,
351 3367 419 3422 quae
433 3351 533 3408 suntin
545 3352 726 3409 substratorio
741 3353 768 3407 in
786 3353 844 3408 alio
858 3370 923 3410 vase
943 3353 1042 3410 debent
1057 3355 1158 3422 brari,
1180 3353 1209 3410 in
1231 3354 1288 3412 alio
1308 3353 1467 3426 corporales

148 3433 247 3508 pallae.
280 3435 332 3493 Ubi
350 3429 439 3508 pallae
455 3438 618 3513 corporales
632 3437 740 3492 lavatae
757 3437 866 3493 luerunt
883 3437 983 3496 nullum
1003 3439 1146 3500 linteamen
1168 3438 1269 3495 ibidem
1291 3437 1365 3495 alind
1388 3437 1467 3493 debet

149 3518 249 3589 lavari,
275 3519 334 3591 ipsa
346 3537 414 3594 aqua
432 3520 458 3576 io
471 3520 632 3593 baptisterio
650 3520 733 3576 debet
747 3522 835 3592 vergi.
871 3521 937 3578 ldeo
951 3530 979 3579 te
995 3522 1149 3580 admoneo:
1172 3525 1296 3581 totalem
1311 3531 1341 3580 te
1363 3521 1466 3589 exhibe,

148 3609 178 3660 nt
192 3602 250 3659 Deo
268 3604 379 3675 placere
396 3604 519 3676 possis.“
551 3605 584 3660 Et
599 3604 690 3661 tradat
703 3605 729 3660 ei
747 3607 859 3661 calicem
878 3613 906 3662 et
918 3616 1051 3679 patenam.
1064 3640 1104 3650 -
1116 3608 1216 3665 Contra
1232 3595 1376 3665 lormul’am
1390 3621 1465 3681 supra

149 3687 278 3762 scriptam
292 3689 325 3746 li.
338 3696 365 3744 et
379 3687 411 3745 E.
423 3698 500 3746 reete
516 3691 592 3762 pouit
614 3691 642 3746 iu
658 3690 836 3747 Ordinatioue
847 3692 1080 3762 Presbyterorum.

210 3772 239 3840 6)
257 3772 372 3831 Silentia
398 3775 590 3849 praetermittit
617 3774 740 3832 Gelasius
766 3776 1008 3847 interrogationes,
1036 3779 1133 3849 quibus
1154 3777 1308 3850 Episcopus
1338 3794 1375 3838 ex
1399 3775 1465 3834 Con·

150 3855 207 3912 ollii
228 3855 462 3928 Carthaginiensis
482 3859 520 3915 lV
538 3861 644 3917 statutis
661 3861 735 3932 prius
754 3860 947 3917 examinandas
962 3871 1018 3930 est,
1037 3880 1116 3933 quarn
1136 3862 1252 3941 accipiat
1274 3861 1465 3919 consecretis

150 3955 227 3996 nem:
249 3941 321 4011 „Qui
339 3940 492 4014 Episcopus
513 3942 679 4001 ordinandus
697 3952 755 4014 est,
773 3950 853 4000 antea
874 3946 1060 4017 examinetur,
1081 3949 1105 4003 si
1132 3953 1226 4021 natura
1243 3946 1279 4002 sit
1297 3941 1465 4018 prudeus,si

150 4023 288 4093 docibilis,
303 4027 326 4082 si
343 4026 462 4084 moribus
480 4035 654 4100 temperatos,
674 4029 766 4085 siritu
786 4037 894 4100 castus,
916 4019 946 4084 si¹
958 4032 1087 4101 sobrius,
1111 4031 1136 4086 si
1152 4047 1262 4103 semper
1276 4028 1467 4104 suisnegotiis

149 4125 260 4181 cavens,
272 4111 295 4167 si
306 4111 423 4181 humilis,
440 4112 462 4168 si
475 4111 601 4182 affabilis,
620 4114 644 4170 si
657 4113 824 4182 misericors,
840 4115 863 4171 si
881 4114 1016 4184 literatus,
1033 4115 1099 4172 siin
1116 4116 1180 4186 lege
1190 4115 1298 4171 Domini
1311 4116 1465 4182 instructus,

149 4192 173 4250 si
187 4193 214 4249 in
230 4195 430 4267 scripturarum
446 4197 570 4253 sensibus
583 4206 687 4271 cautas,
699 4198 723 4254 si
738 4200 764 4253 in
780 4198 953 4270 dogmatibus
966 4200 1162 4257 ecclesiasticis
1174 4194 1354 4272 exercitatus,
1367 4208 1396 4258 et
1410 4198 1467 4257 anto
1487 4202 1491 4211 '

150 4280 257 4348 omnia,
269 4282 293 4336 si
307 4281 371 4337 lidei
386 4281 546 4337 documenta
560 4283 651 4349 verbis¹
663 4283 829 4354 simplicibus
841 4291 964 4352 asserat,
981 4285 1008 4339 id
1027 4293 1069 4340 est
1084 4285 1191 4340 Patrem
1209 4285 1352 4342 etlilium
1369 4293 1398 4343 ιι
1411 4282 1466 4357 Spi-

150 4360 230 4418 ritum
239 4364 375 4435 Sanctum,
385 4381 464 4421 uuum
473 4367 555 4422 Deum
567 4383 628 4422 esse
641 4368 815 4438 confirmans,
823 4369 1106 4440 totamque'lriuitatis
1114 4369 1247 4425 Deitatem
1260 4369 1466 4426 coessentialem

150 4452 178 4501 ιι
197 4449 454 4505 consubstantialem
473 4458 501 4506 et
516 4451 720 4507 coaeternalem
741 4458 769 4507 et
789 4453 1235 4529 coomnipotentempraedicans,
1256 4453 1280 4511 si
1303 4455 1466 4527 singularem

150 4545 281 4602 quamque
297 4532 325 4587 iu
339 4533 467 4591 Trinitate
484 4538 630 4606 personari
644 4537 752 4607 plenum
765 4537 850 4591 Deum
868 4546 896 4594 ιι
913 4545 985 4595 totas
1004 4545 1061 4594 tres
1077 4554 1210 4610 personas
1225 4554 1307 4595 unum
1322 4540 1417 4597 Deum.
1443 4534 1467 4594 Si

149 4611 363 4673 incarnationem
373 4618 491 4701 divinam
503 4635 558 4675 nou
572 4621 600 4674 in
617 4621 695 4675 Patre
709 4636 799 4692 neque
812 4621 839 4676 ir
850 4622 951 4694 Spiritu
959 4623 1060 4680 Sancto
1071 4622 1243 4693 lactam,·sed
1253 4622 1359 4699 inllilio
1373 4629 1467 4681 tantum
