3202 5176
774 338 848 412 193
952 373 955 377 ·

155 523 223 595 [ιιι
250 519 290 595 N.
316 519 407 617 quod
433 520 600 597 Dominus
629 533 748 596 noster
761 526 818 597 'ed
846 526 1009 621 templum
1034 535 1188 601 sanctum
1219 549 1316 600 suum
1339 551 1469 618 vocare

156 625 409 717 dignatusest,
434 633 470 695 nt
491 624 548 696 liat
575 627 737 721 templum
761 628 828 698 Dei
846 631 919 702 vivi
945 640 978 700 et
1004 626 1150 724 Spiritus
1175 624 1321 705 Sanctus
1342 631 1469 704 habitet

154 730 190 798 in
210 747 264 798 eo.
317 727 386 799 Per
421 727 568 799 eundem
596 725 632 798 C.
657 727 698 798 l).
722 727 782 819 N.,
818 735 876 826 qui
907 741 1074 804 venturus
1104 742 1155 804 est
1188 732 1340 806 iudicare
1367 737 1469 807 vivos
1562 777 1567 785 »

154 840 188 901 ιι
210 839 367 902 mortuos
393 838 428 901 et
453 829 630 913 saeculum
655 853 719 927 per
737 834 863 925 ignem.
916 839 958 925 [ξι.
987 833 1110 905 Amen.
1232 857 1238 869 ·

255 959 364 1019 Postea
377 957 526 1019 Sacerdos
540 957 639 1036 digito·
648 962 774 1040 accipiat
787 961 824 1023 de
839 962 931 1024 solive
945 962 1006 1025 oris
1021 965 1065 1023 sui
1081 972 1111 1023 et
1125 946 1226 1040 tangat
1239 982 1325 1025 aures
1339 975 1369 1026 ιι
1383 984 1470 1026 nares

130 1046 133 1051 ’
154 1058 292 1122 infantis:
308 1059 457 1138 tangendo
472 1078 546 1123 vcro
566 1076 666 1123 eurem
682 1062 815 1126 dextram
829 1075 859 1126 et
881 1068 1028 1127 sinistram
1051 1064 1143 1126 dicat:
1171 1055 1351 1151 Ephpheta
1378 1058 1470 1153 quod

153 1161 207 1224 est
233 1153 430 1248 Adaperire
454 1162 562 1224 deinde
581 1173 683 1243 tanget
702 1183 789 1228 nares
812 1167 929 1229 dicens:
952 1158 992 1229 ln
1019 1158 1161 1229 odorem
1188 1160 1373 1234 suavitatis.
1417 1159 1469 1231 Tu

153 1264 268 1326 autem
291 1252 444 1349 effugare
466 1255 617 1347 diabole,
641 1262 925 1356 appropinquabit
949 1263 1039 1332 enim
1058 1260 1220 1332 iudicium
1242 1260 1317 1332 Dei.

207 1382 316 1445 Postea
328 1383 496 1463 interrogat
513 1385 718 1466 baptizandum
732 1390 900 1450 nominatim
915 1389 1033 1451 dicens:

256 1473 296 1546 N.
320 1476 554 1552 Abrenunties
581 1477 757 1551 Satanae?
810 1490 984 1572 Respondet
1004 1491 1153 1552 Petrinus:
1179 1481 1407 1553 Abrenuntio

254 1576 298 1649 Et
313 1578 645 1674 omnibusoperibus
659 1580 760 1654 eius?
787 1586 828 1674 [ξι.
852 1584 1077 1655 Abrenuntio.
1107 1583 1150 1655 [ιι
1168 1585 1471 1679 omnibuspompis

152 1679 256 1753 eius?
308 1684 351 1770 [ξ.
384 1678 650 1778 Αιιιιιιιιιιιοι).
760 1754 763 1759 ,

254 1790 371 1852 Deinde
384 1792 532 1854 Sacerdos
551 1795 672 1882 intingit
693 1793 857 1875 pollicem
848 1814 877 1854 m
897 1795 966 1856 oleo
983 1793 1266 1856 Cateohumenorom
1282 1804 1311 1855 et
1331 1795 1471 1855 infantem

149 1893 269 1970 ungit
260 1898 290 1953 m
313 1902 437 1973 pectore
460 1903 489 1959 et
511 1895 760 1978 interscapules
751 1915 781 1958 ιι
795 1890 923 1958 nro'dnm
926 1899 1023 1959 crucis
1037 1898 1153 1958 dicens:
1182 1887 1263 1981 Ego
1286 1896 1320 1958 te
1343 1888 1471 1981 [[ιιιό]ι

151 1985 232 2057 oleo
255 1986 431 2181 ιιῇιιιᾝιι
451 1984 587 2180 Cppisto
606 1987 687 2063 lesu
705 1988 854 2062 Domino
876 2001 1010 2080 nostro,
1028 2001 1065 2062 ut
1084 1990 1212 2064 habeas
1234 1991 1340 2062 vitam
1359 2000 1472 2100 eeter-

150 2106 237 2162 uam.
420 2111 464 2160 en
737 2104 741 2111 ·

253 2199 324 2278 (llic
339 2200 462 2281 deponit
476 2201 583 2264 stolam
596 2203 759 2266 violaceam
774 2214 804 2264 et
820 2205 909 2265 sumit
922 2203 1008 2265 eliam
1021 2203 1080 2264 albi
1096 2201 1232 2280 coloris.)

170 2300 174 2306 ’
252 2302 384 2364 Subinde
409 2302 549 2384 pollicem
574 2314 604 2366 ct
617 2296 748 2368 inuncta
770 2304 837 2368 loce
857 2287 1003 2384 abstergit
1024 2306 1180 2367 bombaoio
1202 2304 1252 2366 vel
1273 2325 1306 2367 re
1327 2305 1415 2367 simili
1442 2315 1472 2366 et

149 2405 320 2482 interroget
333 2398 614 2484 expresso'nomine
627 2406 845 2487 baptizandum,
860 2407 979 2468 l’atrino
995 2396 1271 2487 respondente:·N.
1296 2395 1417 2472 Credis
1437 2400 1472 2468 in

148 2496 263 2568 Deum
280 2496 418 2568 Patrem
438 2499 718 2592 omnipotentem,
733 2510 927 2570 creatorem
950 2490 1042 2570 coeli
1060 2509 1094 2570 et
1112 2498 1256 2570 terrae?
1283 2505 1325 2591 [ξι.
1345 2498 1469 2570 Credo

247 2595 407 2672 Credis
396 2621 431 2670 m
455 2598 570 2672 lesum
593 2599 764 2674 Christum
787 2600 911 2671 Filium
936 2602 1010 2674 eius
1032 2602 1182 2695 unicum,
1204 2600 1388 2673 Dominum
1409 2623 1472 2671 no-

150 2712 274 2791 strum,
297 2710 413 2772 natum
440 2712 474 2772 ιι
496 2703 688 2798 passum?
717 2708 760 2794 [ξι.
791 2700 914 2774 Credo

254 2801 406 2877 Credis
397 2827 432 2875 m
458 2801 621 2899 Spiritum
643 2802 833 2925 Sanctum,
854 2795 1006 2879 sanctam
1032 2802 1226 2876 Ecclesiam
1250 2804 1470 2897 catholicam,

148 2901 357 2979 Sanctorum
384 2909 677 2996 communionem,
700 2909 938 2980 remissionem
963 2914 1204 3003 peccatorum,
1223 2910 1336 2980 carnis
1355 2929 1471 2982 resur-

147 3010 350 3096 rectionem,
373 3011 479 3083 vitam
502 3009 708 3084 aeternam?
747 3015 803 3102 [ξι.
834 3007 975 3082 Credo.

280 3205 285 3213 ·
309 3205 317 3218 ι

146 3264 344 3336 Apostolorum
366 3272 394 3321 et
412 3264 570 3323 Orationem
588 3265 774 3338 Dominieam,
800 3269 869 3324 baec
895 3266 1049 3338 praelatus:
1081 3264 1157 3321 Weil
1183 3280 1213 3320 es
1235 3263 1271 3318 im
1289 3259 1468 3332 Evangelium
1497 3304 1499 3309 ,
1566 3250 1570 3261 ’

146 3349 223 3405 nicht
236 3350 340 3422 beisst,
359 3350 443 3421 dass,
463 3350 512 3407 der
530 3351 611 3407 ellein
629 3352 738 3422 getault
756 3352 809 3422 ist,
831 3350 953 3408 sondern
971 3351 1021 3405 der
1038 3347 1198 3420 gleubtund
1214 3346 1377 3417 geteultist,
1397 3345 1469 3415 salig

145 3433 261 3506 werde,
281 3450 314 3490 so
326 3391 407 3491 beten
419 3436 471 3492 wir
483 3437 553 3506 Jetnt
567 3436 683 3493 Nemens
700 3436 752 3493 des
768 3436 872 3493 llindes
885 3435 935 3491 das
954 3433 1142 3507 apostoliscbe
1154 3430 1469 3487 Gleubcnsbekenntniss

144 3517 200 3572 und
214 3516 263 3574 das
277 3517 363 3574 (lebet
378 3518 427 3574 des
442 3519 542 3581 llerrn
584 3520 742 3590 lobglanbe
756 3537 790 3577 au
805 3520 870 3577 Gott
893 3519 947 3575 den
965 3519 1050 3574 Vater
1066 3524 1120 3572 ιιι.
1154 3517 1240 3572 Vater
1253 3532 1344 3585 unser,
1363 3515 1412 3571 der
1433 3515 1469 3571 du

135 3602 220 3675 ,bret
211 3620 239 3659 ιι
251 3602 305 3658 den
317 3602 449 3661 llimmeln
464 3611 519 3660 eto.
531 3603 698 3673 germanice.

210 3683 240 3764 1)
258 3689 287 3744 Τ.
303 3688 412 3744 luterea
427 3685 563 3744 obstetrix
577 3686 671 3744 lesciis
689 3686 773 3744 solvit
789 3685 936 3756 infantem,
956 3684 1138 3741 denudens'
1114 3701 1172 3768 erus
1185 3685 1311 3757 scepules
1322 3692 1350 3739 ct
1362 3691 1469 3757 pectus,

145 3787 226 3842 quem
245 3771 287 3828 sic
303 3778 493 3844 praeparatum
515 3771 640 3828 Petrinus
661 3779 688 3829 et
702 3766 838 3842 Matrica,
860 3770 983 3827 recitatis
1004 3769 1132 3843 precibus
1153 3769 1188 3827 de
1209 3787 1287 3826 manu
1309 3769 1469 3826 obstetricis

142 3855 474 3929 -recipiantteneentqucz
489 3855 626 3914 Sacerdos
641 3872 709 3912 vero
723 3863 823 3930 operto
838 3856 928 3929 capite
941 3854 1010 3913 lecie
1025 3854 1059 3911 ad
1073 3853 1202 3910 infantem
1214 3871 1295 3911 versa
1308 3853 1380 3910 dicet
1394 3849 1468 3925 (eum

144 3940 286 3997 nominans
307 3941 354 3996 ubi
369 3934 493 4017 notatur)
508 3941 665 4012 germanice
686 3940 731 3997 vel
746 3941 858 4012 gallice,
873 3957 942 4013 quae
957 3944 1123 4013 sequuntur:
1142 3940 1239 3998 Diese‘s
1253 3939 1324 3995 llind
1341 3938 1400 4011 soll·
1414 3952 1468 3991 nun

142 4022 209 4081 dou
220 4025 358 4097 geheiligt
372 4026 503 4095 werdeu3
525 4026 594 4082 decu
608 4026 645 4083 ist
659 4025 721 4083 ciue
733 4025 876 4083 leiarlicbe
889 4025 1049 4097 Entseguug
1065 4023 1115 4081 der
1126 4026 1219 4082 Sdndc
1231 4025 1344 4093 ndthig,
1362 4021 1467 4077 welche

141 4107 187 4164 ιΙιι
203 4110 244 4166 ιιι
258 4111 426 4182 Teulpetben
441 4111 532 4167 ietzt'
525 4128 560 4167 rm
577 4111 678 4167 Nomen
694 4110 743 4168 des
757 4110 861 4168 llindes
875 4109 978 4167 leistet.
1007 4110 1053 4165 lob
1067 4110 1147 4181 frege
1162 4112 1236 4169 also:
1253 4110 1284 4165 N
1301 4104 1468 4174 widersegst

142 4194 183 4250 Du
199 4193 261 4273 dem
273 4192 378 4252 Satan?
407 4191 449 4274 [ξι.
471 4196 518 4252 lch
533 4195 690 4265 widemage
705 4202 758 4253 ιιι

205 4277 236 4355 2)
251 4280 282 4336 ι’.
296 4280 448 4352 Antequam
462 4280 550 4338 iniens
563 4281 627 4336 oleo
638 4281 736 4338 salutis
750 4281 911 4350 inungetur.
927 4279 990 4335 Wir
1003 4248 1099 4336 selben
1114 4277 1181 4333 ietnt
1195 4274 1241 4330 die
1255 4273 1402 4328 Brustund
1414 4273 1466 4329 den

139 4350 253 4435 llap‘ken
269 4363 318 4421 des
329 4363 433 4422 llrndcs
448 4365 497 4422 mut
509 4365 639 4436 berlrgcm
656 4365 707 4421 0el
721 4364 775 4421 und
788 4365 873 4421 bittcn
886 4362 967 4434 Gott,
982 4360 1048 4421 dass
1063 4381 1092 4419 es
1110 4360 1236 4432 gesttirkt
1251 4358 1362 4430 werde,
1377 4358 1466 4414 llreun

137 4446 196 4503 und
219 4448 481 4520 Widerwdrtiglreit
501 4446 573 4506 neob
595 4450 656 4508 dem
677 4449 813 4522 Beispiele
833 4450 896 4506 lesu
915 4449 964 4506 mit
984 4446 1089 4505 Geduld
1110 4445 1163 4500 und
1179 4400 1413 4514 Stendbaltiglreit
1433 4459 1467 4497 nu

137 4538 283 4604 entregen.
321 4533 356 4590 Et
376 4535 476 4591 formet
494 4534 632 4592 Secerdos
654 4534 776 4591 liniendo
801 4534 868 4591 duas
889 4551 1003 4603 cruces,
1024 4531 1162 4589 alterem'
1155 4547 1183 4586 m
1199 4538 1331 4602 pectore,
1354 4529 1466 4584 alteram

137 4609 214 4667 inter
228 4618 366 4686 scepules.
400 4620 502 4678 Postea
516 4620 597 4679 sumit
613 4620 713 4679 stolam
727 4619 783 4683 elbi
797 4619 911 4679 coloris.
1118 4650 1132 4669 ι
1187 4701 1230 4766 13
