3202 5176
764 357 837 428 335

140 542 230 610 mine
250 542 447 611 tormenta
436 562 473 611 m
493 540 559 611 hoc
579 541 718 613 saecula
738 545 988 616 sustinuerunt:
1011 550 1048 613 ut
1068 541 1214 614 vinculis
1236 542 1349 615 caruis
1368 564 1452 613 exn

138 653 205 730 tus,
228 644 412 736 pervenire
432 653 604 714 mereatur
623 642 666 714 ad
684 644 829 747 gloriam
846 647 946 735 regni
964 644 1145 717 coelestis·
1168 653 1363 739 praestante
1381 644 1453 715 Do-

139 748 230 814 mino
257 753 377 816 nostro
400 744 480 818 Iesu
503 743 647 818 Christo
702 734 768 830 Qui
788 769 866 819 cum
887 746 989 817 Patre
1012 756 1045 817 et
1065 744 1192 843 Spiritu
1216 744 1343 820 Sancto
1366 749 1452 818 vivit
1564 765 1574 777 ⁴

140 857 174 918 et
199 850 356 939 regnat
348 848 544 919 insaecula
571 849 798 922 saeculorum
852 848 975 919 Amen.

242 958 274 1021 Si
294 977 369 1020 vero
388 959 494 1021 diutius
508 960 624 1020 laborat
636 963 730 1021 anima
746 962 857 1042 poterit
875 961 936 1039 legi
951 976 1043 1038 super
1060 978 1124 1020 eum
1139 960 1197 1022 hoc
1211 958 1405 1037 Evangelmm
1419 960 1451 1018 S
1483 1009 1486 1014 .

138 1060 265 1121 loanms.

221 1151 411 1224 CXVII.
455 1151 653 1227 Sublevatis
674 1155 784 1228 oculis
811 1163 950 1226 ctc.—
970 1163 1007 1223 ut
1034 1152 1185 1243 dilectio,
1209 1177 1274 1249 qua
1302 1153 1453 1228 dilexisti

138 1278 194 1327 me
214 1258 250 1327 in
272 1259 355 1377 ipsis
376 1260 419 1330 sit
442 1260 506 1328 et
500 1279 568 1350 ego
595 1261 630 1328 in
655 1260 749 1352 ipsis.
851 1276 854 1280 ·
989 1282 992 1289 ’

240 1346 360 1432 Passio
384 1357 521 1430 Domini
543 1371 623 1433 nost
622 1362 652 1431 ri
609 1359 757 1434 tlesu
785 1356 909 1434 Christi
936 1357 1124 1434 secundum
1151 1356 1323 1431 loannem.
1367 1353 1448 1453 Gap

138 1459 254 1532 XVIII
281 1472 315 1532 et
335 1459 429 1532 XIX.
1336 1492 1341 1501 ·

241 1573 342 1634 Oratio
363 1572 399 1633 ad
411 1573 567 1637 Dominum
581 1570 677 1632 lesum
693 1569 839 1633 Christum
861 1571 898 1632 de
920 1571 1045 1649 siugulis
1065 1572 1196 1633 articulis
1211 1572 1403 1634 Passionis
1377 1590 1451 1648 erus,

138 1672 256 1736 diceuta
273 1693 290 1734 a
305 1676 452 1735 moriente
465 1673 514 1732 vel
530 1672 567 1731 ab
581 1672 640 1734 alio
654 1691 710 1753 pro
725 1692 774 1734 eo.
809 1669 851 1735 V.
871 1662 1068 1735 Adoramus
1089 1673 1124 1734 te
1145 1661 1279 1737 Christe
1298 1675 1333 1735 ct
1348 1664 1453 1735 bene-

86 1822 89 1827 .
138 1766 282 1905 dicimus
301 1762 369 1837 tibi.
407 1763 556 1886 ltrQuia
574 1788 638 1860 per
656 1775 807 1838 sanctam
826 1787 964 1836 crucem
977 1775 1074 1837 tuam
1093 1765 1268 1838 redemisti
1281 1765 1451 1835 mundum.

175 1867 355 1957 Deus,
387 1871 444 1962 qui
463 1889 527 1962 pro
549 1867 786 1974 redemptione
806 1866 924 1938 mundi
944 1868 1086 1940 voluisti
1108 1870 1221 1955 nasci,
1245 1867 1456 1964 circumcidi·

138 1993 159 2042 a
194 1969 330 2044 ludaeis
357 1966 575 2066 reprobari,
590 1992 610 2039 a
636 1969 720 2041 luda
741 1970 907 2042 traditore
929 1969 1050 2042 osculo
1072 1971 1179 2059 tradi,
1209 1969 1355 2041 vinculis
1378 1969 1453 2039 alli-

139 2077 233 2168 gari,
260 2076 348 2147 sicut
374 2094 483 2165 ugnus
504 2074 672 2144 innocens
695 2072 738 2143 ad
760 2075 933 2144 victimam
955 2072 1054 2161 duci,
1082 2082 1182 2168 atque
1210 2071 1453 2166 conspectibus

138 2175 281 2265 Annae,
310 2174 479 2271 Caiphaeq
505 2175 605 2246 Pilati
632 2174 833 2248 etHerodis
861 2176 1062 2247 indecenter
1081 2175 1216 2262 offerri,
1246 2174 1382 2247 alalsis
1402 2183 1452 2245 te·
1514 2163 1518 2176 '

138 2279 245 2353 stibus
272 2281 440 2366 accusari,
463 2276 610 2369 flagellis
634 2287 668 2348 et
694 2277 889 2373 opprobriis
910 2280 1047 2366 vexari,
1074 2279 1181 2373 sputis
1205 2278 1361 2371 conspui,
1377 2278 1453 2372 spi-

138 2383 191 2454 nis
219 2383 391 2468 coronam,
415 2379 569 2474 colaphis
596 2378 707 2469 caeos,
730 2378 897 2450 arundine
922 2383 1067 2475 percult
1089 2380 1179 2451 facie
1201 2379 1324 2466 velari,
1347 2382 1453 2452 vesti-

137 2483 202 2555 bus
233 2485 333 2570 exui,
367 2483 461 2552 cruci
488 2481 596 2554 clavis
624 2480 737 2574 afligi,
765 2483 800 2552 iu
825 2504 928 2552 cruce
947 2481 1078 2571 levari,
1106 2483 1195 2552 iuter
1217 2482 1369 2556 latrones
1393 2481 1453 2552 de-

138 2586 263 2680 putari,
284 2582 367 2655 felle
390 2593 424 2654 et
450 2591 549 2660 aceto
577 2576 702 2679 potari,
724 2593 758 2655 et
779 2585 901 2655 lancea
923 2585 1109 2655 vulnerari.
1150 2582 1203 2654 Tu
1223 2583 1370 2654 Domine
1389 2605 1453 2677 per
1524 2586 1527 2590 ’

138 2686 200 2760 hus
227 2687 457 2760 sanctissimas
479 2697 610 2782 poenas
636 2695 735 2774 tuas,
766 2707 852 2780 quus
879 2708 946 2778 ego
969 2685 1128 2778 indiguus
1154 2684 1295 2772 recolo,
1329 2695 1364 2755 et
1389 2700 1452 2779 per

138 2798 290 2861 sanctam
311 2809 450 2859 crucem
473 2797 506 2859 et
527 2797 672 2859 mortem
692 2799 784 2860 tuam
804 2789 914 2861 libera
931 2811 986 2859 me
1005 2785 1183 2882 (famulum
1193 2784 1310 2883 tuum)
1330 2809 1350 2856 a
1368 2809 1459 2882 poe-¹

138 2893 191 2964 uls
217 2886 343 2963 inferni
370 2901 404 2961 et
425 2890 618 2985 perducere
639 2890 809 2985 digneris,
835 2908 906 2987 quo
930 2891 1122 2988 perduxisti
1147 2891 1316 3002 latronem
1338 2898 1452 2961 tecum

140 2993 348 3065 crucifixum.
403 2992 469 3077 Qui
492 3016 568 3065 oum
587 2993 688 3065 Patre
713 3005 775 3064 etc

243 3087 308 3165 Dici
327 3114 483 3184 praeterea
504 3115 630 3185 possunt
648 3116 808 3186 sequentes
827 3106 951 3170 Psalmi:
973 3093 1110 3166 CXVII.
1147 3091 1360 3165 Confitcmini
1380 3094 1452 3165 Do-

138 3200 230 3268 mino
246 3200 405 3290 quoniam
417 3197 537 3270 bonus.
560 3196 814 3269 GXVlllbeati
826 3199 1031 3270 immaculati
1045 3195 1247 3268 euRetribue
1262 3217 1366 3268 servo
1381 3205 1451 3267 tuo.

120 3312 123 3315 ’
242 3307 315 3368 'lres
334 3310 401 3387 piae
427 3317 457 3368 et
480 3307 569 3368 utiles
589 3311 782 3370 morientibus
797 3309 954 3372 Orationes
975 3328 1038 3371 cum
1057 3309 1150 3369 tribus
1165 3298 1268 3370 Pater
1281 3295 1409 3372 Noster
1422 3314 1452 3366 et

140 3412 232 3472 tribus
246 3402 327 3472 Ave
341 3400 449 3472 Maria
463 3392 606 3488 in'agoue
620 3412 722 3475 mortis
737 3413 915 3474 recitandae.
946 3412 1045 3472 Primo
1064 3400 1291 3494 diciturIIyrie
1306 3399 1450 3473 eleison.

140 3500 277 3576 Christe
300 3503 443 3576 eleison.
489 3503 597 3598 llyrie
620 3505 765 3578 eleison.
809 3506 890 3577 Ave
912 3499 1071 3599 Maria.¹)

201 3790 230 3866 l)
246 3794 342 3850 Fertur
356 3795 391 3851 de
404 3795 447 3852 his
460 3796 546 3853 tribus
560 3797 730 3854 orationibus
744 3799 824 3868 (quae
839 3797 866 3852 iu
882 3794 1016 3852 nonnullis
1029 3792 1178 3850 llitualibus
1192 3810 1307 3866 prorsus
1323 3795 1452 3851 omittun-

139 3874 197 3953 tur)
211 3880 333 3935 uarratio
349 3880 497 3951 quaedam,
516 3898 567 3936 uec
581 3891 671 3938 tamen
687 3884 861 3938 confirmatur
875 3881 1039 3937 auctoritate
1057 3879 1199 3939 ecclesiae.
1243 3879 1329 3950 „Erat
1345 3880 1451 3952 quidam

139 3964 211 4035 Papa
226 3965 271 4034 qui
287 3965 349 4019 dum
364 3965 398 4020 ad
413 3972 532 4021 extrema
549 3968 679 4037 venisset,
695 3967 885 4037 interrogabat
894 3965 1066 4037 Capellaoum
1080 3982 1166 4034 suum,
1181 3963 1267 4021 ulrum
1282 3960 1409 4020 idoneum
1425 3969 1453 4018 et

139 4048 282 4118 devotum,
304 4067 382 4120 quem
403 4051 543 4122 plurimum
564 4053 713 4123 diligebar,
734 4054 830 4124 quibus
844 4051 981 4122 suffragiis
997 4059 1058 4121 post
1074 4058 1189 4106 mortem
1203 4067 1263 4105 cum
1281 4050 1366 4105 vellet
1380 4047 1451 4119 apud

139 4134 222 4188 Deum
237 4134 340 4192 irruere.
373 4135 423 4201 Qui
440 4135 594 4208 respoudit:
610 4137 684 4210 quod
699 4138 822 4194 omuibus
837 4137 935 4203 modis,
951 4135 1046 4207 quibup
1060 4143 1156 4207 posset
1170 4141 1197 4190 et
1212 4149 1397 4205 quaecumque
1409 4130 1452 4186 iu-

140 4219 218 4274 beret
241 4236 292 4290 pro
312 4221 399 4276 salute
424 4221 529 4276 animae
550 4240 616 4278 suae
637 4222 729 4278 iacere
749 4223 842 4281 vellet,
871 4222 906 4278 Et
920 4223 991 4292 Papa
1006 4221 1058 4276 ait:
1080 4220 1138 4275 Nou
1152 4227 1218 4292 pcto
1233 4217 1345 4288 aliquod
1360 4217 1408 4273 abs
1423 4224 1451 4273 tc

140 4302 286 4360 subsidium
300 4305 352 4360 nisi
370 4305 431 4360 dum
446 4306 564 4377 videris,
582 4324 624 4362 me
638 4307 665 4362 in
681 4307 782 4377 agonia
796 4308 923 4378 positum,
938 4305 1098 4362 dominicam
1114 4304 1264 4360 orationem
1279 4312 1388 4372 pro'ma
1402 4302 1450 4357 tri·

139 4387 189 4442 bus
211 4387 316 4445 vicibus
337 4390 428 4448 dicas:
450 4392 494 4463 qui
508 4391 559 4447 sibi
575 4391 755 4448 libentissime
770 4393 894 4464 promisit
907 4393 968 4447 hoc.
997 4390 1042 4447 Au
1058 4405 1136 4461 quem
1150 4389 1235 4458 Papa:
1258 4385 1449 4459 cumprimum

140 4472 220 4527 Pater
238 4472 475 4547 Nostsrzdixeris,
495 4476 540 4531 dic
561 4475 588 4531 iu
611 4478 767 4533 memoriam
789 4478 907 4548 agoniae
921 4476 1036 4533 ·ltou'aiui
1057 4473 1144 4529 nostri
1161 4473 1222 4528 lesu
1237 4471 1344 4528 Christi.
1385 4470 1450 4527 Gom

139 4555 285 4618 mundum
300 4559 361 4628 ΡΝ,
374 4561 420 4617 dic
433 4562 460 4618 iu
476 4561 633 4618 memoriam
649 4562 765 4620 omnium
778 4565 933 4636 passionum
947 4560 1053 4619 Domini
1070 4557 1155 4613 nostri
1170 4555 1191 4613 l.
1202 4556 1232 4612 s.
1264 4557 1329 4613 Cum
1348 4556 1449 4613 dixeris

138 4639 247 4698 tertium
262 4643 326 4714 ΡΝ,
339 4645 384 4702 dic
397 4647 426 4703 iu
440 4648 572 4704 bonorem
585 4647 736 4706 ineffabilis
742 4648 868 4707 unitatis
874 4648 956 4704 usu.
968 4648 988 4704 1.
995 4646 1024 4702 C.
1053 4642 1101 4700 llis
1114 4641 1195 4700 dictis
1208 4641 1456 4714 &pollonus-pro·
