3202 5176
767 343 842 417 aar
891 295 895 312 ’

153 535 193 600 ut
224 527 335 601 renati
366 525 462 602 fonte
499 526 728 626 baptismatis,
761 527 954 624 adoptionis
991 535 1071 599 brae
1103 524 1181 600 liliis
1214 529 1457 620 aggregentur.
1504 472 1507 477 ἡ

152 629 222 703 Per
246 628 410 824 Ιῖὶῖἓιιω,
439 731 648 809 dilectissimi
666 687 785 824 nobis,
818 678 928 805 Oeam
950 730 1087 805 Patrem
1113 730 1396 829 omnipotentem,
1422 718 1460 799 ut

153 836 284 908 cunctis
305 833 467 908 mundum
487 846 611 932 purget
632 835 820 926 erroribus,
839 832 980 909 morbos
1001 833 1147 924 auferat,
1165 831 1289 907 famem
1310 828 1460 925 depellat

152 939 283 1031 aperiat
308 957 481 1030 carceres,
506 938 645 1012 uincula
662 938 845 1028 dissoluat,
871 934 1166 1033 peregrinantibus
1177 933 1347 1022 nclitum
1367 928 1458 1003 iulir·

150 1038 319 1113 mantibus
338 1041 529 1130 amitalem,
550 1040 788 1135 navigantibus
810 1048 945 1138 portum
965 1038 1085 1115 salutis
1108 1037 1294 1131 indulgeat

253 1139 410 1215 Oramus
461 1141 655 1218 Flectamus
681 1166 803 1237 genna.
854 1139 994 1218 hevate.

251 1243 472 1340 Omm'potens
490 1248 696 1344 sempiterne
719 1246 828 1336 nens,
847 1253 1057 1319 moestorum
1074 1240 1280 1331 consolatio,
1300 1237 1457 1313 laboran-

149 1344 233 1416 tium
256 1345 432 1437 forumdc,
451 1351 663 1445 perveniant·
679 1350 723 1424 ad
744 1359 782 1423 te·
804 1368 928 1444 preces
950 1346 994 1423 dc
1021 1365 1223 1444 quacunque
1240 1341 1461 1417 tribulatione.

149 1445 377 1537 clamantium,
402 1459 440 1521 ιιι
465 1471 584 1526 omnes
597 1450 676 1527 sibi
698 1449 960 1527 necessitatibus
980 1451 1054 1525 su‘m
1076 1443 1347 1524 misericordiam
1366 1453 1460 1519 tuam

148 1549 322 1641 gaudeant
346 1550 493 1626 affuisse.
545 1553 614 1626 Per
639 1552 739 1627 Dom.
1287 1624 1290 1628 ,

251 1653 392 1725 ornan
414 1663 450 1725 et
471 1676 536 1749 pro
558 1653 739 1729 haereticis
760 1663 795 1727 et
813 1652 1034 1728 schismaticis
1047 1661 1095 1724 ut
1113 1650 1210 1724 Deus
1237 1657 1272 1721 et
1292 1646 1462 1721 Dominus

147 1763 267 1827 noster
286 1763 385 1827 eruat
406 1778 468 1830 eos
485 1755 529 1829 ab
549 1756 722 1832 erroribus
742 1757 928 1846 universis,
946 1764 982 1826 ct
1003 1753 1046 1826 ad
1064 1761 1216 1827 sanctam
1234 1759 1378 1823 matrem
1391 1745 1459 1819 Ec·

147 1856 291 1930 alesiam
310 1855 512 1931 catholicam
533 1868 635 1954 atque
657 1859 882 1956 apostohcam
905 1876 1077 1930 revocare
1101 1854 1270 1949 dignetur.
1308 1894 1312 1903 ·

252 1956 407 2032 Oramus.
457 1960 654 2036 Flectemus
679 1981 801 2055 genua
853 1958 993 2035 bavato.
1252 1994 1257 2003 ·

235 2057 474 2158 ‚Omnipotens
497 2066 704 2160 sempiterne
724 2064 833 2153 Deus,
859 2065 918 2159 qui
942 2061 1058 2138 salvas
1085 2079 1204 2135 omnes
1230 2064 1266 2131 at
1288 2053 1460 2127 neminem

148 2162 203 2236 uis
221 2166 358 2259 'perirc‚
383 2168 519 2262 respice
540 2166 585 2239 ad
610 2169 739 2241 animas
760 2165 928 2239 diabohca
947 2163 1068 2239 fraude
1094 2162 1277 2257 deceptas,
1308 2167 1346 2233 ut
1367 2155 1460 2230 omni

148 2263 321 2339 haaretica
339 2270 509 2361 pravitate
527 2268 695 2363 deposita,
715 2272 900 2343 errantium
919 2266 1024 2341 corda
1040 2267 1257 2362 resipiscant,
1278 2271 1315 2335 et
1334 2259 1379 2331 ad
1397 2280 1460 2333 ue·
1517 2342 1521 2351 ¹

147 2367 257 2440 nitatis
278 2376 357 2439 tuae
378 2368 521 2442 redeant
545 2373 716 2443 unitatem
760 2371 829 2443 Per
854 2370 953 2443 Dona.

249 2470 389 2543 Orcum
406 2480 442 2553 et
458 2492 522 2566 pro
540 2470 679 2568 perfidis
696 2470 845 2562 ludaeis,
862 2482 900 2544 ut
917 2470 1012 2545 Deus
1031 2477 1065 2541 et
1080 2467 1248 2541 Dominus
1263 2470 1383 2538 noster
1400 2482 1460 2535 au-

147 2568 238 2642 lcrat
257 2571 418 2659 uelamen
437 2571 482 2644 de
505 2573 665 2651 cordibus
685 2596 818 2665 eorum,
840 2584 878 2648 ut
894 2584 929 2648 et
944 2573 1009 2670 ipsi
1027 2578 1216 2665 agnoscant
1231 2565 1345 2641 Iesum
1363 2561 1465 2673 ⁰¹¹¹iss¹

147 2681 235 2748 alum
254 2672 437 2747 Dominum
454 2685 618 2751 nostrum.
659 2686 725 2749 Non
742 2685 940 2768 respondetur
954 2675 1084 2763 Amen,
1104 2681 1157 2744 sed
1172 2680 1269 2743 statim
1286 2677 1409 2741 dicitorr
1496 2679 1498 2684 '

250 2774 474 2872 Omnipotens
498 2781 706 2876 sempiterne
727 2779 843 2869 Deus,
876 2781 934 2875 qui
959 2779 1061 2851 etiam
1085 2774 1257 2853 Iudaicam
1282 2766 1459 2869 perfidiam

147 2901 169 2951 a
194 2887 253 2951 toa
272 2880 509 2954 misericordia
533 2900 603 2954 non
628 2882 783 2979 repellis,
809 2881 936 2955 exandi
960 2901 1085 2977 preces
1099 2887 1257 2965 nostras,
1284 2895 1369 2970 quas
1394 2892 1460 2969 pro

146 2981 239 3055 illius
258 2981 378 3078 populi
398 2982 643 3058 obcaecatione
669 2984 867 3076 deferimus,
889 2995 927 3058 ut
947 2985 1062 3078 agnita
1084 2981 1238 3055 veritatis
1263 2987 1344 3050 tuae
1366 2974 1484 3060 luce„⁴

148 3102 237 3175 qaae
261 3080 416 3156 Christus
434 3095 502 3174 eet,
522 3107 543 3156 a
568 3088 642 3163 suis
664 3087 816 3163 tenebris
834 3098 1005 3161 eruantur.
1053 3082 1121 3157 Per
1142 3080 1289 3156 eundem
1307 3078 1407 3151 Dom.

250 3183 389 3255 orm
408 3191 444 3254 et
463 3207 528 3280 pro
549 3191 705 3281 paganis,
729 3199 768 3263 at
787 3189 884 3263 Deos
910 3191 1124 3286 omnipotens
1150 3182 1283 3257 auderat
1303 3179 1459 3273 iniquita·

146 3292 217 3357 tem
237 3306 260 3357 a
277 3283 440 3358 cordibus
456 3306 591 3376 eorum,
608 3298 645 3361 nt
661 3291 792 3364 relictis
808 3289 909 3367 idchs
926 3295 1011 3379 sun,
1029 3294 1273 3361 convertantur
1290 3280 1335 3354 ad
1346 3280 1460 3353 Deum

145 3387 265 3461 vivum
287 3396 323 3459 et
343 3407 466 3461 uorum
484 3396 521 3461 et
545 3392 681 3465 unicum
703 3391 828 3466 Filium
853 3395 928 3467 eius
954 3392 1069 3466 lesum
1096 3387 1267 3463 Christum
1286 3383 1398 3457 Deum
1424 3389 1459 3457 et

145 3488 329 3563 Dominum
350 3500 512 3565 nostrum.

248 3589 403 3667 Oremus.
455 3592 652 3670 Flectamns
676 3617 800 3691 genua.
852 3594 993 3671 hevam

248 3691 470 3790 Omnipotens
495 3701 702 3794 sempiterne
728 3698 845 3790 Deus,
877 3701 936 3795 qui
960 3687 1030 3771 non
1056 3704 1199 3768 mortem
1224 3700 1458 3791 peccatorum,

143 3795 209 3871 sed
229 3799 335 3871 uitam
353 3818 492 3895 semper
511 3803 667 3898 inquiris,
693 3803 832 3899 suscipe
853 3805 1019 3900 propitius
1041 3799 1229 3872 orationem
1252 3800 1459 3871 nostramet

143 3898 253 3972 libera
283 3922 366 3989 cos,
398 3900 441 3973 ab
473 3903 644 3979 idolorum
672 3905 808 3979 cultura
831 3915 866 3979 et
891 3924 1047 3998 aggrega
1075 3899 1254 3975 Ecclesiae
1278 3908 1358 3972 tuae
1380 3914 1458 3969 san-

144 4011 221 4074 ctae
248 4002 292 4075 ad
312 4002 450 4076 laudem
470 4015 504 4079 et
528 4007 677 4102 gloriam
694 4009 840 4084 nominis
860 4011 918 4083 tui
966 4006 1035 4081 Per
1055 4003 1154 4077 Dom.

247 4112 409 4195 Oompletis
419 4115 609 4183 Orationibus
619 4119 767 4184 Sacerdos
780 4120 917 4201 deposita
929 4116 1044 4182 casalae
1052 4116 1148 4179 coedit
1156 4115 1192 4176 ad
1202 4129 1292 4176 corna
1300 4106 1454 4188 Epistolae

143 4223 176 4276 et
199 4217 241 4280 ibi
263 4219 293 4280 in
311 4221 473 4300 posteriori
487 4231 572 4303 parte
584 4223 685 4302 aagnli
699 4222 799 4287 altaris
811 4223 919 4304 accipit
932 4240 950 4283 a
961 4221 1094 4284 Oineono
1108 4216 1231 4281 Crucem
1247 4215 1303 4274 iam
1316 4212 1347 4271 in
1359 4208 1456 4271 llltari

142 4329 360 4400 praeparatam:
381 4340 466 4402 qnam
479 4341 566 4387 versa
578 4325 658 4389 dacis
671 4324 708 4389 ad
720 4324 903 4408 popnlnm‚,a
915 4325 1080 4388 summitate
1092 4336 1193 4404 parum
1206 4314 1397 4395 discooperit,
1411 4312 1454 4373 in·

143 4420 257 4499 alpiano
270 4423 351 4491 solur
367 4424 584 4506 Antiphonem:
603 4416 697 4491 Ecce
716 4418 846 4513 lignum
866 4413 987 4493 Orucis
1007 4421 1043 4489 in
1062 4434 1130 4511 quo
1150 4408 1243 4485 salus
1261 4405 1378 4480 muudi
1395 4426 1468 4500 pe·-

141 4513 277 4610 pendit,
297 4543 332 4587 ac
351 4526 493 4612 deinceps
516 4531 547 4594 in
564 4529 690 4615 reliquis
708 4532 826 4615 iuratur
843 4533 874 4621 in
887 4539 974 4597 canta
988 4523 1158 4593 aministria
1172 4539 1266 4604 nsque
1279 4518 1316 4583 ad
1329 4505 1454 4580 Venite

141 4613 334 4694 adoremus.
364 4627 577 4701 Oboroaateaa
589 4642 726 4703 carun
739 4620 1074 4713 Venitcadoremns,
1087 4643 1237 4695 omnesne
1250 4627 1454 4709 prosternant,
