3202 5176
589 288 832 387 ¹,toa

144 503 148 509 '
243 493 394 590 Contigit
419 497 482 569 tibi
504 497 574 569 ulia
604 488 816 594 negligentia
843 498 890 572 de
919 499 1109 575 sacrifieidt
1137 509 1274 575 centum
1296 503 1370 577 dies
1395 506 1456 578 vei

139 597 374 698 quadraginta.
1006 662 1009 666 .

167 719 169 725 ’
242 702 372 774 Fecisti
385 723 508 775 usuras
527 703 675 797 quinque
690 724 798 777 annos
815 704 970 778 veltres.
1003 706 1127 782 Tulisti
1143 728 1202 781 res
1220 706 1350 782 alienas
1363 710 1457 780 malo

139 806 262 878 ordine
288 826 351 899 per
372 804 498 875 malum
525 806 718 896 ingenium:
741 817 812 880 tres
840 808 958 882 annos.
1212 800 1214 808 ‘

131 951 136 957 ·
241 905 370 979 Fecisti
396 907 615 998 sacrilegium
635 908 671 978 id
699 917 751 980 est
774 909 866 1003 quod
887 913 1063 1005 aruspices
1090 922 1217 984 vocant
1244 922 1278 983 et
1304 933 1457 1003 augures

138 1009 268 1111 faciupt
290 1019 323 1079 et
347 1009 533 1100 sortilegos
559 1009 619 1081 vel
645 1019 729 1081 vota
755 1033 842 1104 quae
865 1013 910 1082 ad
934 1013 1079 1087 arbores
1105 1014 1166 1086 vel
1188 1014 1231 1084 ad
1255 1013 1371 1087 fontes
1393 1034 1456 1085 seu

139 1111 184 1182 ad
219 1106 437 1214 cancellosd)
472 1119 529 1181 aut
551 1133 613 1206 per
639 1112 747 1182 ullum
772 1116 947 1206 ingenium
961 1119 1097 1189 ¹novisti
1119 1124 1177 1187 aut
1199 1119 1340 1190 sortitus
1362 1115 1457 1186 fuisti

139 1223 199 1285 aut
225 1234 387 1288 aversum
412 1212 525 1286 fecisti
552 1215 700 1308 quinque
723 1236 831 1288 annos
858 1217 920 1288 vel·
941 1228 1095 1311 quatuor.

241 1315 371 1387 Fecisti
388 1324 523 1409 raptum
547 1315 589 1385 de
616 1318 751 1407 virgine
773 1319 834 1389 vel
854 1319 959 1390 vidua
984 1329 1057 1394 tres
1077 1342 1186 1392 annos
1208 1319 1397 1414 poeniteas.

243 1416 366 1490 Tulisti
387 1417 515 1509 aliquid
534 1419 702 1512 pecuniae
723 1420 758 1488 in
780 1421 931 1515 eeclesia
953 1432 1073 1493 contra
1092 1421 1276 1494 directumz
1306 1428 1377 1493 tres
1397 1439 1457 1489 an-

139 1540 204 1593 nos
230 1528 288 1590 aut
314 1517 538 1612 quadruplum
561 1521 731 1591 restituas.
1343 1596 1345 1600 Α
1491 1521 1492 1525 ’

243 1618 428 1690 Prodidisti
456 1619 604 1711 aliquam
631 1640 705 1688 rem
731 1642 795 1714 per
822 1621 983 1694 iniustam
1005 1620 1226 1718 dilaturam2)
1249 1632 1322 1694 tres
1345 1641 1457 1693 annos

165 1725 329 1794 oeniteas.
744 1755 754 1768 2·

139 1746 162 1820 p
244 1820 428 1895 Deduxisti
442 1830 513 1912 aut
541 1823 760 1895 transmisisti
785 1845 848 1918 per
869 1824 976 1895 ullum
1001 1825 1179 1919 ingenium
1195 1843 1340 1896 servum
1361 1830 1457 1891 tunm

141 1935 199 1996 aut
217 1926 321 1996 alium
341 1923 512 2000 hominem
531 1924 568 1992 in
585 1926 784 2018 captivitate
806 1925 1024 1998 christianum
1045 1928 1193 2021 quinque
1215 1945 1323 1999 annos
1338 1924 1457 2018 poeni-
1528 1955 1531 1966 ·

139 2037 215 2102 teas
239 2037 297 2097 aut
318 2035 421 2099 tres(

244 2126 412 2201 Cremasti
434 2128 571 2199 domum
595 2137 654 2198 aut
673 2149 774 2199 areae
798 2137 870 2202 tres
889 2148 1007 2201 annos.

242 2229 372 2303 Fecisti
398 2233 567 2302 uomitum
596 2240 738 2325 propter
765 2229 963 2301 ebrietatem
996 2229 1188 2324 quindecim
1218 2229 1313 2319 dies,
1343 2230 1457 2325 siper

141 2334 394 2405 contentionem
422 2331 644 2423 quadraginta
671 2331 753 2404 dies.
803 2331 841 2404 Si
865 2335 1025 2405 nesciens
1047 2342 1179 2427 septem
1202 2331 1285 2404 dies.

118 2496 124 2503 .
245 2430 377 2523 Gogisti
407 2432 523 2502 ullum·
538 2430 713 2503 bominem
739 2431 858 2504 bibere
878 2444 915 2505 ut
932 2432 1160 2506 inebriaretur
1180 2442 1238 2504 aut
1257 2455 1321 2528 per
1342 2432 1456 2504 odium
1590 2460 1595 2475 ··

140 2535 209 2608 boo
233 2534 347 2607 fecisti
373 2543 508 2604 centum
532 2533 614 2607 dies.
945 2584 948 2591 ,

242 2636 589 2730 Bib1sti‘sanguinem
613 2644 670 2707 aut
692 2634 904 2719 manducasti
927 2635 970 2705 de
988 2635 1061 2708 ullo
1083 2635 1217 2730 pecude
1238 2633 1299 2707 vel
1319 2634 1459 2705 bomine

140 2749 212 2813 tres
239 2741 557 2834 annos'poeniteas.
596 2737 757 2828 Aliorum
778 2736 976 2813 thesaurum
999 2740 1130 2860 surppsi
1149 2759 1213 2833 pro
1235 2758 1303 2832 quo
1326 2735 1458 2810 debitus

141 2844 316 2940 orationes
335 2861 405 2910 non
424 2840 573 2935 implevi.
1060 2847 1062 2852 ’
1313 2901 1316 2905 ,

240 2941 454 3014 Manducasti
471 2944 651 3013 morticina
660 2951 726 3023 aaut
740 2941 926 3012 dilacerata
940 2962 960 3010 a
973 2939 1112 3012 bestiis:
1131 2940 1357 3034 quadraginta
1372 2938 1454 3012 dies.

243 3043 363 3117 Bibisti
384 3043 428 3114 de
449 3043 584 3139 liquore
606 3047 641 3115 in
668 3065 736 3138 quc
762 3066 839 3118 mus
860 3045 921 3117 vel
941 3043 1087 3116 mustela
1112 3052 1269 3114 mortuae
1295 3045 1457 3111 inventae

140 3144 288 3217 fuerunt.
365 3194 368 3199 ·
682 3204 690 3213 .

243 3245 488 3342 Contempsisti
504 3246 667 3317 indictum
688 3248 853 3318 ieiunium
875 3249 910 3316 in
932 3246 1081 3321 ecclesia
1099 3246 1160 3318 vel
1180 3255 1298 3317 contra
1318 3243 1458 3313 decretu

141 3352 315 3424 seniorum
342 3349 565 3443 quadraginta
592 3347 674 3421 dies.
723 3348 768 3420 Et
794 3351 824 3424 si
845 3359 991 3442 quatuor
1012 3359 1168 3442 tempora
1191 3348 1270 3416 anui
1294 3344 1355 3417 vel
1374 3364 1457 3438 qua-

142 3451 337 3544 dragesima
364 3468 488 3520 anuum
509 3472 622 3521 unum.

246 3547 455 3646 oppressisti
478 3551 640 3627 infantem
666 3560 761 3624 tuum
779 3553 839 3624 vel
856 3550 961 3623 alium
977 3561 1014 3623 ut
1031 3558 1226 3622 moreretur
1247 3556 1379 3643 septem
1398 3568 1458 3616 an-

140 3654 642 3747 mmmwfflw.
972 3680 998 3751 j

151 3793 154 3797 ·
198 3810 205 3823 .
244 3754 365 3829 Bibisti
386 3755 493 3825 ulium
515 3754 721 3826 maleficium
741 3755 775 3837 id
799 3764 851 3827 est
864 3752 979 3827 -erbas
1000 3754 1061 3826 vel
1082 3753 1167 3825 alias
1187 3761 1369 3825 causas'ut
1387 3772 1460 3821 non

140 3861 314 3955 potuisses
339 3856 486 3930 infantes
509 3858 650 3948 habere,
676 3856 824 3928 autulio
855 3857 1000 3946 donasti,
1027 3867 1084 3928 aut
1110 3856 1281 3927 hominem
1307 3876 1370 3949 per
1395 3872 1459 3946 po-

140 3964 270 4033 tionem
292 3959 452 4031 occidere
475 3962 628 4049 voluisti,
650 3965 708 4030 aut
730 3958 772 4030 de
788 3961 959 4051 sanguine
979 3959 1039 4030 vel
1062 3958 1255 4032 desemine
1278 3955 1387 4025 mariti
1410 3953 1459 4021 tui

142 4073 178 4134 ut
203 4065 369 4134 maiorem
393 4062 435 4133 de
455 4073 489 4134 te
512 4061 654 4135 baberet
681 4083 833 4134 amorem
857 4070 915 4131 aut
939 4064 1083 4155 gustasti
1109 4071 1167 4134 εει
1192 4061 1324 4131 urinam
1344 4053 1458 4127 bibisti

142 4175 273 4261 septem
297 4185 405 4237 annos
427 4168 606 4262 poeniteas
626 4163 686 4237 vel
708 4166 856 4261 quinque
878 4172 936 4235 εει
961 4173 1041 4238 tres.

245 4266 385 4345 Necasti
410 4278 526 4364 partus
548 4279 627 4340 tuos
650 4266 771 4338 decem
795 4288 903 4343 anuos
926 4270 1113 4363 poeniteas

144 4428 355 4438 m·-

208 4503 237 4581 l)
260 4508 380 4565 cancelii
404 4511 609 4582 sepulcrorum,
634 4508 706 4579 apud
727 4525 795 4581 quac
818 4507 1025 4582 superstitiosae
1047 4500 1248 4577 peragebantur
1264 4497 1458 4556 caerimoniae

206 4593 236 4664 ι)
252 4593 389 4664 liciatum,
403 4595 541 4652 accusatio
560 4592 701 4651 calumnia.
