3202 5176
692 1287 957 1376 onrun
1004 1287 1083 1425 nr.
1247 1269 1255 1285 '

508 1543 574 1613 De
610 1544 788 1615 Sacris
829 1540 1268 1650 ordinationibus.

785 1767 992 1778 η-ηωο--ια--ι

227 1894 333 2030 run
349 1915 754 2031 snonnnnnnnnro
771 1953 1037 2029 cnunsrnno
1054 1922 1344 2028 nunonis'ro
1359 1911 1550 2050 nnrnou.

228 2117 245 2150 ·
334 2120 371 2181 Α.
391 2086 493 2200 incipit
518 2109 612 2215 Ordo
640 2091 686 2180 de'
704 2112 812 2184 sacris
843 2108 1024 2184 Ordinibus
1052 2100 1359 2201 benedicendis'
1447 2121 1452 2128 '

335 2240 416 2301 Haec
437 2251 532 2302 antem
554 2241 680 2319 singuiis
700 2241 839 2320 gradibus
861 2239 1046 2301 observanda
1066 2249 1135 2302 sunt
1151 2248 1295 2321 tempora.
1327 2237 1543 2299 stationaria

232 2343 445 2405 ecclesiasticis
457 2345 598 2404 ministris
613 2362 720 2405 nomen
731 2344 845 2404 dederit
859 2346 936 2405 inter
946 2342 1089 2404 Lectores
1104 2344 1238 2423 usquein
1252 2342 1541 2419 vigesimum'aetatis

229 2464 335 2507 annom
355 2448 524 2507 continuata
538 2445 749 2508 observatione
768 2446 919 2526 perduret.
936 2479 937 2482 =
952 2446 984 2516 Si
1005 2445 1108 2506 maiori
1126 2453 1223 2506 aetate
1243 2437 1300 2507 iarn
1322 2445 1495 2530 accesserit,
1508 2444 1543 2502 ita·

230 2559 327 2610 tamen
343 2556 373 2609 ut
386 2558 456 2629 post
468 2549 646 2628 baptismum
663 2551 790 2610 aetatem
808 2566 842 2609 se
861 2549 978 2609 divinae
992 2547 1114 2608 militiae
1130 2546 1281 2608 desideret
1295 2547 1469 2625 mancipari,
1484 2547 1540 2604 sire

228 2649 307 2712 iirter
319 2650 461 2712 Lectores
477 2653 542 2713 sive
554 2654 633 2713 inter
645 2651 816 2713 Exercistas
836 2650 1038 2731 quinquennio
1053 2659 1190 2710 tencatur
1209 2657 1239 2710 et
1258 2647 1369 2733 exinde
1382 2646 1539 2724 Acolytbus

228 2753 277 2814 rel
297 2750 499 2815 Subdiacoous
523 2763 648 2833 quatuor
668 2755 751 2815 annis
775 2762 849 2815 etet:
872 2762 902 2813 et
924 2753 968 2813 sio
988 2752 1023 2813 ad
1044 2752 1283 2813 benedictionem
1296 2749 1498 2828 Diaconatns,
1517 2749 1538 2808 si

199 2908 200 2912 ,
228 2864 369 2931 merctur,
379 2854 509 2916 accedat.
530 2855 561 2915 ln
578 2874 636 2934 quo
653 2856 758 2916 ordine
773 2857 902 2937 quinque
917 2839 1017 2932 annis‚'
1026 2857 1050 2914 si
1065 2854 1215 2933 inculpate
1225 2872 1260 2915 se
1269 2854 1412 2931 gesserit,
1424 2851 1539 2914 haerere

210 2956 332 3018 debet:
361 2975 399 3017 ex
414 2956 506 3037 (apud
520 2956 666 3017 Zosimunr
682 2968 711 3018 et
725 2960 755 3018 in
769 2957 989 3042 Pontifiealibus
1012 2959 1041 3016 in
1056 2957 1189 3033 margine
1204 2957 1458 3035 commemoratis:
1481 2972 1539 3015 ex·

228 3049 332 3146 inde)
354 3059 582 3136 suffragantibus
604 3061 716 3120 meritis
738 3059 895 3140 stipendiis
919 3077 974 3138 per
999 3068 1044 3120 tot
1071 3059 1202 3136 gradus,
1225 3057 1300 3120 datis
1317 3058 1461 3139 propriae
1481 3040 1553 3116 iidei¹

229 3161 431 3239 documentis,
452 3161 623 3238 Presbyteri
643 3162 840 3224 sacerdotium
862 3163 974 3242 poterit
994 3143 1219 3242 promoveri2).
1259 3159 1384 3241 Deque
1405 3160 1496 3236 loeo,
1518 3157 1540 3217 si

220 3415 226 3426 '
292 3407 321 3486 1)
340 3409 389 3480 Ee,
402 3425 481 3481 quom
499 3409 588 3481 primo
604 3410 668 3467 ioco
682 3409 817 3484 ponimus,
836 3408 973 3468 Gelasiani
991 3409 1053 3466 libri
1074 3409 1206 3482 porticulo
1223 3425 1280 3465 *nna
1299 3425 1360 3464 curn
1377 3405 1440 3463 aiiis
1459 3407 1540 3463 Bene-

229 3491 391 3550 dictionibus
406 3494 487 3551 affixo
505 3503 547 3552 est
565 3495 690 3552 Orationi
704 3503 731 3552 et
746 3495 875 3551 Precibus
893 3494 941 3566 „in
956 3495 1097 3551 Dominioa
1117 3496 1280 3551 octavarum
1296 3491 1494 3564 Pentecoste&
1504 3513 1553 3530 -·

228 3579 362 3649 secunda,
379 3579 457 3636 litera
473 3581 503 3639 B.
517 3574 665 3651 insignita,
681 3580 805 3652 proxime
819 3580 942 3651 sequitur
957 3580 1076 3636 oiiicinm
1092 3580 1214 3647 Quatuor
1229 3587 1380 3650 temporum
1395 3577 1424 3633 in
1442 3573 1540 3631 hebdo-

227 3662 306 3719 made
323 3663 554 3734 Quadragesimae
574 3665 670 3737 prima.
698 3664 865 3721 Contulimus
884 3664 1034 3722 delusionis
1052 3665 1160 3735 legibus
1177 3664 1281 3722 statute
1302 3661 1420 3718 Conciiii
1435 3659 1539 3716 Cartba-

225 3747 360 3818 giniensis
376 3750 432 3819 iv,
455 3749 518 3804 onni
540 3749 758 3821 redonemur,
778 3749 894 3806 omnium
913 3749 1058 3806 latinarum
1078 3749 1252 3807 formularum
1273 3747 1302 3802 in
1325 3744 1540 3804 ordinationibus

157 3833 160 3837 ’
226 3831 385 3888 usitatarum
404 3833 524 3889 radicem
544 3840 571 3889 et
590 3835 666 3906 qnasi
681 3834 883 3891 fundamentum
898 3831 965 3909 (c.).
995 3836 1082 3890 Porro
1102 3833 1173 3891 baud
1189 3830 1387 3904 negligendum
1408 3829 1539 3888 existime-

194 3912 312 3974 ·'vimos
335 3917 464 3975 Godioem
486 3918 584 3974 Morini
610 3919 839 3992 antiquissimum,
864 3921 976 3975 saecuto
998 3919 1092 3991 quinto
1112 3936 1146 3975 ex
1168 3915 1319 3974 doctissimi
1337 3915 1391 3972 viri
1413 3912 1540 3973 sententia

204 4051 205 4056 ,
226 4002 356 4075 scriptum
369 3999 448 4080 (bi.):
466 4003 548 4059 tertio
559 4003 623 4060 loco
639 4004 807 4061 adiunximus
822 4003 950 4059 Codieem
961 4005 990 4061 S.
1003 4003 1087 4074 Eligii
1097 4021 1123 4076 p.
1139 3990 1227 4078 9’(Ε.)
1252 4000 1290 4057 At
1307 4002 1376 4057 ver'o
1396 4017 1432 4057 nc
1451 3998 1541 4054 iustam

225 4087 374 4144 excederet
388 4088 486 4144 molem
500 4088 618 4157 libellus,
634 4106 702 4161 quae
711 4089 824 4147 levioris
839 4089 966 4145 momenti
981 4087 1143 4144 videbantur
1160 4085 1402 4160 praetermisimus.

288 4169 319 4250 2)
339 4175 368 4229 ln
383 4174 455 4229 iibrc
470 4173 621 4230 Pontifieaii
633 4174 748 4245 Egberti
761 4173 832 4246 apud
845 4175 966 4230 Martene
987 4172 1021 4229 de
1039 4173 1156 4246 antiquis
1168 4173 1237 4228 eccl.
1249 4171 1294 4227 rit.
1308 4178 1341 4227 et
1355 4171 1384 4227 in
1395 4163 1542 4227 nonnuli

226 4256 383 4315 Caturccnsi
406 4258 477 4331 aqud
497 4258 627 4329 eundem,
647 4274 761 4331 quorum
778 4261 848 4315 citer
862 4255 1063 4330 nongentorum
1077 4257 1198 4314 ereditur
1213 4271 1363 4326 annornm,
1379 4257 1451 4313 citor
1464 4251 1542 4312 octio-

225 4349 379 4413 gentorum
392 4345 500 4414 integra
512 4344 580 4400 haec
592 4344 626 4399 de
638 4350 790 4416 temporum
800 4345 954 4401 intervallis
965 4344 1037 4400 inter
1049 4343 1256 4400 ecclesiasticos
1272 4340 1385 4398 ordines
1400 4339 1543 4396 conteren-

226 4425 277 4483 dos
287 4427 421 4485 institutio
429 4430 589 4486 innocentio
597 4430 721 4485 Pontifici
737 4431 863 4487 tribuitur
873 4429 916 4486 his
932 4428 1041 4486 verbis:
1053 4428 1189 4500 Incipit
1201 4440 1322 4484 sermo
1337 4418 1543 4482 innocentii

225 4527 336 4583 papne
362 4512 404 4568 de
424 4522 558 4586 septem
581 4513 751 4584 gradibus
774 4513 961 4570 ecclcsiae
983 4512 1203 4570 ordinandis.
1239 4512 1342 4568 Verum
1356 4509 1543 4567 ZosimiPon·

224 4595 304 4652 tiircis
322 4596 395 4653 iilam
414 4615 476 4657 asse
496 4606 604 4658 constat
618 4599 645 4654 in
663 4598 785 4673 Epistola
805 4599 840 4655 ad
855 4598 1016 4670 Hesychium
1038 4597 1233 4656 salonitanum.
1266 4597 1417 4717 Praetc·rca
1441 4588 1542 4652 conscii
