3202 5176
829 317 907 388 438

210 499 374 592 bominis,
401 518 501 596 quam
525 521 589 597 per
603 488 761 598 'Moysen
787 508 822 574 in
847 502 930 595 lege
950 499 1027 574 liliis
1047 499 1230 597 iniquitatis
1249 498 1418 574 Dominus
1438 518 1513 595 per·

208 607 306 678 misit.
349 603 515 675 Deleatur
540 626 665 677 nomen
686 608 759 678 eius
786 605 830 677 de
851 605 939 677 libro
966 606 1155 677 viventium
1174 614 1209 675 et
1230 626 1309 676 cum
1330 605 1428 676 iustis
1448 620 1518 673 uon

209 707 386 781 scribatur.
434 706 510 777 Fiat
534 730 614 803 pars
637 718 672 780 et
697 707 901 781 haeredibus
923 711 997 780 eins
1023 728 1099 778 cum
1123 703 1207 777 (lain
1228 705 1416 794 fratricida,
1440 725 1517 775 cum

208 809 344 880 Datban
369 819 404 880 et
430 808 576 901 Abiron,
603 830 681 883 cnm
701 810 835 883 Anania
858 820 892 882 et
915 808 1071 907 Sopbira,
1095 831 1171 880 cum
1193 807 1333 882 Simone
1357 827 1458 899 mago
1483 816 1519 877 et

209 910 292 982 Iuda
312 912 502 1007 proditore,
524 923 559 985 et
582 935 659 985 cum
684 916 736 986 eis
760 916 817 1008 qui
839 912 998 984 dixerunt
1019 913 1109 1001 Deo,
1136 912 1263 984 recede
1284 934 1304 982 a
1326 910 1440 999 nobis,
1464 930 1519 982 se-

209 1016 324 1085 mitam
343 1018 476 1087 viarum
499 1025 632 1087 tuarum
653 1018 819 1090 nolumus.
862 1014 987 1087 Pereat
1004 1019 1037 1087 in
1056 1015 1111 1087 die
1129 1016 1256 1104 iudicii,
1275 1014 1422 1085 devoret
1441 1033 1519 1082 eum

209 1119 298 1210 iguis
325 1126 510 1213 perpetuus
534 1141 609 1189 cum
631 1118 768 1192 diabolo
795 1128 829 1190 et
849 1119 980 1210 angelis
1007 1122 1099 1208 eius,
1123 1120 1187 1190 nisi
1209 1118 1398 1191 restituerit
1421 1124 1456 1186 et
1477 1113 1518 1184 ad

209 1219 482 1293 emendationem
506 1224 651 1293 uenerit.
706 1222 801 1312 Fiat,
827 1218 894 1293 liat.

313 1348 384 1410 Tum
407 1349 512 1410 dicitur
526 1350 669 1427 Attaleia,
690 1352 755 1412 sive
769 1349 885 1411 ultimas
899 1367 1004 1410 versus
1017 1348 1139 1412 Tractus
1151 1348 1200 1409 vel
1213 1347 1396 1428 Sequentiae
1410 1356 1441 1407 et
1455 1362 1518 1407 cae

87 1422 90 1427 ¹
209 1457 274 1513 tere
294 1469 387 1531 usque
403 1452 438 1512 ad
454 1453 641 1521 Ollertorium
655 1454 816 1528 inclusive,
834 1452 998 1530 virginibus
1012 1453 1040 1514 in
1057 1453 1160 1516 ordine
1174 1470 1228 1513 suo
1241 1450 1438 1512 manentibus.
1470 1449 1517 1509 Ol-

135 1560 140 1565 '
209 1553 334 1615 lentorio
351 1554 428 1616 dicto
445 1556 579 1635 singulae
592 1557 724 1635 virgines
739 1564 943 1634 consecratae,
956 1555 1061 1617 velatis
1076 1555 1220 1636 capitibus
1234 1554 1270 1615 ad
1283 1571 1385 1614 manus
1400 1551 1518 1613 Pantili-

210 1657 252 1718 cis
266 1657 295 1716 in
309 1655 474 1735 faldistorio
489 1668 557 1720 ante
569 1658 694 1720 medium
708 1659 808 1721 altaris
823 1676 886 1719 cum
900 1659 982 1719 mitra
997 1658 1139 1737 sedentis,
1156 1657 1284 1721 offerunt
1302 1673 1402 1717 coram
1416 1672 1458 1716 eo
1469 1673 1518 1733 ge

209 1758 345 1820 undenae
369 1761 518 1840 quaelibet
538 1761 688 1823 candelam
710 1778 872 1824 accensam.
912 1760 1031 1823 interim
1055 1770 1195 1842 parantur
1212 1778 1267 1841 pro
1285 1761 1329 1820 eis
1343 1766 1389 1820 tot
1405 1758 1520 1819 hostiae

210 1861 429 1924 consecrandae
452 1862 530 1945 quod
552 1873 619 1926 sunt
638 1865 721 1946 ipsae
742 1881 873 1926 numero.
914 1863 1002 1926 Facta
1026 1864 1175 1926 oblatione
1189 1862 1328 1925 Pontiiex
1348 1878 1412 1922 cum
1436 1862 1518 1921 mitre

209 1964 317 2026 sedens
339 1965 417 2028 lavat
436 1985 553 2046 manus,
575 1967 682 2029 deinde
703 1967 836 2051 deposita
851 1967 935 2028 mitra
950 1969 1044 2046 surgit
1060 1977 1089 2028 et
1103 1968 1292 2049 prosequitur
1305 1963 1422 2025 llissam
1436 1981 1518 2025 nore

208 2076 363 2128 consueto.

311 2186 442 2248 Secreta.
498 2177 627 2253 Oblatis
660 2180 779 2254 hostiis
806 2202 1010 2276 quaesumus
1032 2178 1178 2252 Domine
1203 2175 1441 2274 praesentibus
1466 2173 1517 2244 ia-

208 2279 364 2354 mulabus
392 2281 459 2354 tuis
485 2285 776 2378 perseverantiam
798 2293 984 2380 perpetuae
1007 2282 1211 2377 virginitatis
1233 2276 1457 2350 accommoda
1482 2286 1520 2348 ut

209 2385 336 2479 apertis
359 2385 468 2456 ianuis
491 2387 611 2458 summi
636 2389 731 2480 regis
758 2385 910 2458 adventu
936 2408 1080 2481 regnum
1110 2384 1262 2457 coeleste
1285 2405 1363 2454 cum
1390 2381 1519 2453 laetitia

208 2496 404 2560 mereantur
426 2488 564 2560 intrare.
607 2488 674 2561 Per
697 2489 794 2560 Dum.

309 2615 467 2698 Postquam
476 2617 615 2679 Pontifex
629 2637 663 2679 se
675 2619 711 2680 de
723 2617 858 2698 Corpore
874 2628 902 2680 et
913 2618 1064 2696 Sanguine
1078 2614 1346 2688 communicaverit,
1360 2623 1420 2673 turn
1437 2630 1519 2673 acce·

190 2724 194 2739 ⁴
208 2716 280 2779 dunt
293 2718 329 2780 ad
343 2738 508 2800 supremum
525 2721 645 2799 gradum
657 2721 756 2783 altaris
770 2722 902 2800 virgines
917 2722 999 2800 ipsae
1014 2721 1100 2781 binae
1116 2729 1145 2780 et
1159 2718 1247 2778 binae
1259 2726 1289 2779 et
1303 2716 1412 2777 ibidem
1427 2733 1520 2794 genu·

208 2818 347 2898 lle'ctunt,
369 2822 508 2884 Pontilex
524 2842 596 2884 vero
611 2825 742 2903 singulas
758 2826 972 2901 communicat,
990 2833 1020 2887 et
1034 2823 1168 2884 omnibus
1183 2820 1421 2896 communicatis,
1436 2820 1520 2899 ipsae

206 2924 340 3000 virgines
354 2932 422 2984 ante
438 2925 549 3002 altare,
562 2935 592 2986 ut
607 2929 635 2987 in
650 2927 738 2988 lllissa
750 2927 869 2989 fuerunt
883 2926 1059 3002 genuuexae
1074 2925 1159 3002 simul
1173 2933 1288 2985 cantant
1304 2913 1519 3003 Antiphonem:

206 3012 279 3088 olet
300 3026 335 3087 et
356 3016 411 3087 lac
429 3039 475 3088 ex
496 3021 568 3091 eius
590 3042 650 3091 ore
672 3020 810 3115 suscepi
831 3031 865 3092 et
885 3022 1023 3113 sanguis
1040 3022 1120 3099 ‚eius
1139 3019 1274 3090 ornavit
1288 3038 1396 3110 genas
1411 3038 1517 3088 meas.

207 3126 328 3191 interim
351 3128 489 3190 l'ontilex
515 3130 694 3193 ablutionem
723 3132 827 3212 sumit,
854 3142 913 3203 turn
940 3141 1060 3214 accepta
1079 3134 1180 3206 mitra,
1203 3139 1284 3191 stans
1305 3129 1384 3190 lavat
1406 3147 1515 3202 manus,

206 3230 313 3293 deinde
328 3232 444 3312 perlicit
455 3232 582 3294 illesam.

307 3351 562 3416 Posteommunios
597 3344 691 3417 Deus
724 3348 781 3440 qui
811 3345 1038 3418 babitaculum
1067 3356 1161 3418 tuum
1190 3346 1226 3414 in
1255 3341 1362 3413 corde
1392 3338 1512 3435 pudico

206 3442 374 3533 fundasti,
410 3449 546 3541 respice
573 3469 677 3543 super
707 3448 768 3521 has
795 3448 941 3525 famulas
966 3459 1043 3522 tuas
1070 3460 1105 3521 et
1127 3469 1214 3542 quae
1236 3441 1514 3536 castigationibus

208 3546 353 3620 assiduis
374 3550 565 3644 postulant,
593 3561 650 3622 tua
673 3552 910 3623 consolatione
931 3556 1128 3649 percipiant.
1174 3549 1242 3622 Per
1263 3549 1362 3621 Dom.

312 3675 401 3738 lllissa
422 3679 500 3739 linita
513 3680 653 3742 Pontifex
674 3680 723 3742 dat
737 3680 974 3744 benedictionem
987 3680 1160 3745 solemnem.
1190 3678 1228 3740 m
1241 3679 1307 3759 qaia
1322 3678 1352 3736 in
1366 3673 1515 3737 nonnullis

206 3780 394 3841 monasteriis
408 3790 453 3842 est
467 3783 663 3862 consuetudo,
676 3783 754 3865 quod
771 3785 839 3846 loco
853 3785 1073 3847 Diaconissatus
1083 3782 1255 3863 Virginibus
1270 3779 1455 3842 consecratis
1468 3775 1515 3836 da·

83 3960 87 3972 ¹
148 3898 151 3905 ·
207 3888 254 3943 tur
266 3881 390 3944 facultas
405 3884 564 3965 incipiendi
578 3887 665 3949 horas
679 3889 836 3949 canonicas
850 3896 880 3948 et
893 3887 1013 3965 legendi
1031 3887 1159 3948 cilicium
1174 3888 1202 3946 in
1217 3884 1362 3960 Ecclesia,
1378 3879 1516 3943 Pontilex

205 3992 286 4046 stans
301 3996 368 4047 ante
382 3986 473 4049 altare
487 3990 552 4050 sine
566 3992 665 4067 mitra,
687 3989 859 4068 Virginibus
874 3992 1054 4055 consecratis
1068 4008 1165 4052 cerem
1180 4005 1216 4051 eo
1231 3986 1416 4065 genuflexis,
1431 3981 1514 4044 dicit:

206 4076 372 4151 Dominus
392 4082 580 4155 vobiscum.
624 4082 669 4155 Et
687 4106 773 4155 cum.

311 4197 464 4274 Oremus.
510 4200 647 4274 Exaudi
671 4204 818 4276 Domine
837 4226 961 4301 preces
980 4214 1115 4277 nostras
1138 4211 1172 4274 et
1194 4224 1297 4298 super
1320 4198 1382 4272 has
1408 4197 1515 4269 famu-

207 4296 259 4373 las
286 4310 361 4375 tuas
388 4307 540 4399 spiritum
567 4315 646 4376 tuae
667 4303 963 4397 bene†dictionis
991 4309 1117 4394 emitte,
1145 4315 1182 4377 ut
1208 4305 1352 4376 coelesti
1374 4319 1515 4373 munere

177 4414 184 4435 ⁴
208 4400 334 4474 ditatae
351 4415 386 4474 et
402 4415 481 4477 tuae
498 4410 684 4481 maiestatis
703 4413 846 4500 matiam
866 4413 999 4506 possint
1018 4412 1198 4504 acquirere
1219 4418 1253 4481 et
1270 4408 1359 4480 bene
1374 4401 1514 4476 vivendi

208 4504 283 4578 aliis
306 4508 501 4602 exemplum
522 4509 700 4604 praebere.
744 4512 811 4582 Per
835 4510 912 4584 Cbr.

308 4616 380 4679 'lum
395 4620 480 4683 sedet
494 4621 643 4703 lentileio,
656 4632 777 4704 accepta
790 4625 887 4701 mitra,
902 4633 932 4688 et
946 4622 1218 4688 traditBreviarium
1232 4621 1290 4684 illis
1305 4620 1446 4684 ambabus
1460 4634 1516 4680 ne·
