3202 5176
767 317 841 388 202

240 503 282 572 2.
309 499 366 571 Ex
393 495 523 576 Codice
546 495 644 572 San·
649 498 820 576 Blasiano
850 523 940 576 saec.
960 501 1019 574 IX
1044 499 1236 611 (Gerhert
1240 500 1391 575 hlonh.
1415 502 1462 575 Α.

104 640 106 644 ·
145 601 187 677 11.
216 625 248 699 p
273 602 346 706 11).
401 598 616 695 Consigno
654 612 697 676 te
732 608 861 725 signo
896 609 1041 680 crucis
1079 615 1124 677 et
1162 584 1381 678 oehfirmo
1420 615 1486 703 te,

146 709 348 779 crismate
370 704 538 778 salutis
581 705 817 780 innomine
841 707 985 835 listris
1008 718 1049 781 et
1070 707 1177 781 Filii
1203 718 1249 780 ot
1266 704 1463 803 Spiritus

146 806 304 880 Sancti
358 805 499 878 Amen.

248 915 280 982 3.
306 907 506 982 Pontihoale
531 906 749 984 caturcensis
778 911 928 985 ecclesia
958 934 1049 985 saec.
1069 911 1113 984 Il
1169 907 1395 984 Confirmo
1424 923 1464 985 et

50 1066 54 1070 -
146 1015 358 1104 consigno
394 1021 436 1082 te
468 1013 510 1084 in
550 1015 718 1105 signum
758 1017 904 1087 crucis
943 1018 986 1087 in
1023 1018 1197 1089 nomine
1232 1014 1376 1121 Patris
1421 1026 1462 1087 et

145 1114 247 1185 Filii
268 1124 308 1186 et
335 1113 527 1209 Spiritus
548 1113 706 1187 Sancti

247 1219 280 1288 4.
314 1216 417 1287 Liber
449 1213 649 1289 Sacrament
636 1228 749 1289 torum
781 1216 984 1292 hlonasterii
1021 1217 1263 1314 llloysaoensis
1298 1240 1391 1292 saec.
1416 1219 1472 1293 X..

147 1315 366 1391 confirmo
393 1328 435 1389 te
463 1322 589 1410 signo
617 1324 774 1394 crucis.
828 1319 874 1393 lu
902 1324 1074 1394 nomine
1098 1322 1249 1394 Patris
1280 1330 1323 1392 et
1351 1320 1460 1394 Filii

146 1430 187 1492 et
215 1419 407 1517 Spiritus
430 1418 582 1494 Sancti
608 1424 650 1493 in
671 1426 806 1495 vitam
827 1434 1057 1495 aeternam.
1110 1424 1255 1496 Amen.

248 1525 282 1594 5.
311 1520 434 1595 Codex
443 1523 722 1599 vindobonensis
735 1548 825 1600 saec.
836 1524 881 1598 X.
891 1524 1062 1611 (Gerhert.
1072 1533 1158 1598 lton.
1173 1524 1209 1596 L.
1223 1525 1268 1597 Α.
1284 1524 1327 1596 ΙΙ.
1341 1548 1373 1620 p.
1387 1523 1458 1622 11).

147 1622 369 1697 Confirmo
396 1636 437 1696 te
463 1636 501 1697 et
524 1630 649 1719 signo
673 1632 713 1700 in
735 1631 907 1701 nomine
929 1627 1076 1701 Patris
1101 1638 1143 1700 et
1168 1627 1272 1701 Filii
1300 1637 1340 1700 et
1365 1625 1460 1724 Spi-

145 1728 445 1802 ritusSancti.
499 1728 645 1800 Amen.

246 1832 280 1900 6.
310 1827 480 1906 CodexS
496 1832 703 1905 Theoderici
716 1828 818 1952 (Opp.
837 1829 872 1906 S.
887 1828 1048 1925 Gregorii
1066 1830 1119 1902 ed.
1136 1829 1221 1902 Ben.
1235 1829 1293 1901 ΠΙ.
1309 1851 1341 1926 p.
1358 1829 1457 1924 646).

146 1930 428 2025 Consignoet
415 1933 665 2007 toonfirmo
688 1944 729 2006 te
754 1937 881 2027 signo
904 1936 1049 2007 crucis
1071 1935 1299 2009 innomine
1317 1931 1457 2005 Patris

146 2043 185 2105 et
207 2032 379 2106 Filiit
339 2044 379 2107 et
401 2033 595 2132 Spiritus
621 2033 784 2110 Sancti

247 2140 281 2210 7
309 2135 1011 2214 PontificaleecelesiaePictaviensissaec
1021 2132 1106 2209 .XII.
1120 2107 1458 2232 SignatteDeus

145 2239 300 2331 sigillo
333 2239 458 2312 Fidei
489 2262 594 2315 suae
622 2245 664 2314 in
693 2242 1032 2334 consignatione
1060 2238 1225 2314 Fidei
1216 2262 1258 2316 ιιι
1283 2242 1458 2314 nomine

145 2341 289 2415 Patris
314 2352 355 2414 et
381 2342 484 2414 Filii
503 2354 544 2416 et
571 2342 764 2440 Spiritus
788 2342 943 2417 Sancti.
997 2341 1138 2413 Amen.

247 2447 280 2518 8.
296 2444 496 2517 Pontificale
511 2448 906 2541 ecclesiaeApamiensis
919 2447 955 2517 in
969 2442 1071 2541 Syria
1086 2466 1176 2518 saec.
1184 2442 1280 2515 XII:
1296 2443 1317 2516 J
1326 2443 1458 2517 ohan·

144 2569 240 2637 nes,
263 2551 386 2640 signo
417 2558 460 2620 te
487 2553 611 2642 signo
632 2550 796 2639 crucis,
820 2546 1032 2620 confirmo
1051 2557 1104 2619 te
1128 2548 1367 2622 chrismate
1393 2542 1457 2621 sri-

144 2649 249 2725 lutis
267 2652 308 2722 in
327 2653 494 2723 nomine
512 2652 657 2726 Patris
680 2661 719 2725 et
738 2649 842 2722 Filii
858 2659 899 2722 et
914 2648 1109 2745 Spiritus
1124 2647 1281 2723 Sancti.
1315 2649 1454 2722 Amen.

246 2756 280 2824 9.
309 2750 433 2825 Codex
450 2753 729 2827 vindobonensis
750 2775 842 2828 saec.
860 2751 936 2824 XII.
965 2752 1028 2826 vet
1051 2749 1145 2848 XIII.
1173 2748 1347 2846 (Gerhert.
1365 2749 1454 2825 hlon.

143 2852 179 2924 L.
203 2852 246 2923 A.
266 2854 305 2924 ll.
326 2879 357 2950 p.
382 2855 454 2952 12).
495 2854 710 2928 Confirmo
733 2866 773 2926 te
798 2859 839 2925 in
865 2854 1034 2926 nomine
1060 2855 1201 2928 Patris
1222 2864 1263 2926 et
1288 2853 1392 2926 Filii
1417 2863 1459 2923 et

144 2953 332 3051 Spiritus
356 2954 513 3028 Sancti.
557 2959 698 3047 Amen.
735 2957 824 3029 Pax
850 2968 989 3029 tecum
1014 2966 1168 3029 etcum
1192 2958 1350 3054 spiritu
1376 2965 1457 3028 tuo.

143 3054 319 3152 Signum
346 3055 506 3133 Christi
531 3061 573 3132 in
594 3063 727 3134 vitam
755 3068 983 3133 aeternam
1037 3058 1179 3130 Amen.

245 3163 302 3230 lo
332 3160 533 3235 Pontificale
553 3163 724 3237 eeclesiae
747 3160 959 3236 conchensis
979 3184 1070 3235 saec
1090 3158 1183 3232 XIII
1217 3160 1261 3234 ln
1285 3161 1455 3233 nomine

142 3264 286 3336 Patris
308 3272 342 3334 et
368 3262 471 3335 Filii
495 3275 536 3336 et
554 3263 753 3362 Spiritus
777 3262 927 3337 Sancti
949 3263 1157 3335 confirmo
1179 3273 1219 3334 et
1248 3265 1452 3352 consigno

141 3374 183 3436 tc
213 3366 345 3458 signo
379 3370 528 3442 crucis
561 3365 746 3458 Christi,
779 3376 822 3441 ut
845 3367 1066 3463 replearis
1093 3363 1264 3462 Spiritu
1296 3361 1450 3437 Sancto

89 3484 92 3488 ·
144 3475 185 3538 et
214 3465 374 3542 habeas
397 3471 526 3541 vitam
552 3480 782 3543 aeternam.

247 3574 302 3641 ll
331 3570 532 3644 Pontificale
559 3573 733 3646 ecclesiae
754 3572 958 3646 Parisiensis
979 3590 1071 3645 saec.
1093 3567 1204 3643 XIV
1239 3567 1447 3640 lohannes

140 3672 213 3743 vel
245 3670 401 3762 Maria
434 3677 649 3769 consigno
675 3685 717 3749 te
741 3679 868 3768 signo
901 3681 1078 3746 sanctae
1104 3672 1256 3743 crucis
1286 3680 1326 3741 et
1359 3689 1445 3739 con-

137 3773 276 3850 firmo
298 3784 339 3846 te
369 3725 601 3852 chrismate
627 3779 798 3853 salutis.
852 3775 897 3847 ln
923 3777 1092 3846 nomine
1114 3773 1258 3846 Patris
1287 3782 1330 3844 et
1352 3768 1445 3841 Filii

142 3886 183 3948 et
210 3874 400 3972 Spiritus
421 3876 593 3974 Sancti
616 3891 660 3952 ut
685 3881 906 3977 replearis
930 3876 1080 3948 eodem
1104 3873 1274 3974 Spiritu
1296 3871 1444 3947 Sancto

128 3975 363 4053 ’ethaheas
386 3983 518 4053 vitam
542 3993 773 4055 aeternam
825 3980 968 4056 Arnen.
1049 3994 1084 4019 ··
1390 4007 1395 4016 ·

244 4086 302 4153 12.
327 4064 526 4156 Pontihoale
542 4083 1101 4179 eeclesiaeAndagavensissaeo.
1117 4072 1210 4150 XIII
1221 4050 1444 4149 confirmo

142 4196 182 4256 et
209 4188 423 4279 consigno
445 4197 487 4257 te
512 4190 633 4281 signo
657 4197 835 4262 sanctae
858 4185 1001 4257 crucis
1028 4193 1069 4257 et
1095 4181 1337 4269 chrismate
1360 4196 1445 4252 san-

141 4287 471 4461 ἔιΙΙΙοιιιΙοιιΙε
461 4311 502 4359 rn
528 4293 698 4362 nomine
720 4287 905 4381 ΡιιιιΙιιι
926 4295 966 4358 et
987 4285 1087 4357 Filii
1105 4284 1137 4378 Ι·
1157 4292 1198 4354 et
1219 4261 1445 4378 Spiritus†

175 4393 290 4462 ancti
353 4391 488 4463 Arnen
1406 4410 1415 4433 r
