3174 5176
132 1488 163 1562 1.
197 1491 273 1564 nu
302 1487 666 1564 ucouusrnu
695 1487 1135 1561 onorcnrronu
1167 1487 1282 1563 suo
1316 1485 1454 1560 con-

569 1619 1028 1719 sucnnuronu.1)

488 1809 569 1903 „Ex
595 1811 853 1883 Pontificali
878 1809 1080 1880 Romano.

240 2020 440 2084 Ecclesiarum
461 2026 647 2086 consecratio
670 2026 801 2104 quamvis
822 2024 900 2085 omni
922 2021 971 2083 die
985 2021 1023 2082 de
1036 2023 1101 2082 iore
1114 2022 1178 2083 fleri
1191 2023 1287 2102 possit
1300 2020 1459 2090 decentius*

138 2133 235 2184 tamen
249 2125 280 2185 in
293 2124 455 2187 Dominicis
470 2126 575 2187 diebus
590 2127 640 2187 vel
654 2128 830 2188 Sanctorum
843 2123 1071 2187 solennitatibus
1086 2124 1126 2185 lit.
1154 2124 1278 2199 Quando
1292 2132 1390 2184 autem
1400 2122 1455 2184 llo·

138 2226 229 2286 clesia
243 2226 332 2286 luerit
347 2226 507 2288 dedicanda
524 2229 615 2290 debet
629 2226 864 2290 Arcbidiacouus
883 2213 1096 2308 praenunciare
1110 2227 1192 2288 clero
1208 2236 1238 2287 et
1254 2225 1378 2307 populo,
1394 2227 1457 2305 qoi-

138 2328 192 2388 bus
207 2337 253 2388 est
266 2327 400 2389 Ecclesia
415 2329 629 2406 consecranda,
648 2340 679 2391 ut
693 2333 862 2411 priusquam
878 2337 1083 2402 consecretur,
1098 2328 1239 2388 ieiunant.
1267 2327 1338 2388 llam
1356 2326 1457 2388 Ponti·

136 2430 190 2489 lex
206 2445 384 2489 consecrans
393 2415 427 2516 2)
443 2433 535 2511 etqui
551 2440 656 2511 petunt
670 2432 727 2493 sibi
741 2431 906 2492 Ecclesiam
920 2421 1102 2504 consecrari,
1116 2429 1307 2509 praecedenti
1321 2429 1370 2489 die
1383 2430 1456 2489 leiu-
1510 2512 1514 2519 Ι

137 2548 210 2592 nare
227 2529 346 2591 debent.
375 2531 454 2592 Sane
468 2550 537 2594 sero
553 2533 621 2594 anl'c
635 2533 711 2594 diem
727 2533 935 2607 dedicationis,
949 2530 1090 2592 Pontifex
1105 2539 1190 2610 parat
1205 2530 1356 2609 Reliquiae
1370 2532 1400 2589 in
1415 2529 1456 2590 al·

138 2634 194 2694 tari
214 2634 417 2696 consecrando
425 2622 458 2720 ³)
474 2635 684 2712 includendas,
711 2653 828 2716 ponens¹
843 2651 893 2694 eas
909 2632 1071 2694 indecenti
1087 2641 1118 2693 et
1132 2633 1241 2694 mundo
1255 2631 1377 2693 vasculo
1393 2649 1458 2692 cum

137 2734 232 2796 tribus
257 2737 358 2811 granis
380 2736 491 2815 thuris,
515 2739 600 2818 pouit
621 2740 707 2800 etiam
730 2739 760 2798 in
782 2755 819 2798 eo
846 2735 985 2797 cartulam
1000 2732 1037 2795 de
1051 2752 1233 2815 pergameno
1249 2733 1458 2815 scriptam-sub

139 2836 194 2898 bac
208 2837 319 2898 iorma:
515 2832 517 2837 ⁴
1053 2859 1056 2867 ·

204 3031 233 3109 1)
249 3031 410 3089 Ambrosius
426 3031 505 3104 epist.
523 3033 559 3087 Ὦ
574 3032 608 3088 ad
622 3033 804 3089 ilarcellinum
819 3016 1038 3090 sororem‘rilum
1050 3031 1234 3089 Dedicutiouia
1249 3029 1461 3102 antiquissimam

141 3123 224 3175 vocat
247 3124 275 3173 et
299 3116 397 3187 ubique
418 3124 557 3189 receptam
579 3117 810 3174 cousuetudinem.
852 3117 945 3189 Neque
965 3118 1097 3189 estquod
1113 3117 1285 3187 refragamur
1300 3114 1459 3171 binterimio

140 3201 258 3259 Denkir.
273 3201 321 3272 IV,
334 3201 356 3270 1,
372 3200 405 3256 at
420 3219 462 3273 sq.
478 3203 548 3257 banc
564 3202 756 3275 caerimoniam
771 3202 908 3258 altissimis
924 3202 1041 3257 defixam
1056 3218 1118 3259 esse
1133 3201 1271 3258 radicibus
1285 3200 1312 3255 in
1327 3199 1459 3270 antiquis-

140 3288 210 3344 simo
227 3285 363 3342 ecclesiae
379 3301 457 3342 aevo.
488 3285 524 3341 At
539 3285 732 3343 discedendum
746 3286 852 3343 videtur
867 3304 881 3341 a
899 3286 950 3342 viri
966 3286 1041 3342 docti
1057 3287 1207 3356 sententia,
1228 3286 1402 3357 impugnante
1410 3282 1460 3339 Vi-

141 3372 211 3444 gilio
225 3370 365 3440 Pontifici,
388 3371 433 3442 qui
448 3371 588 3426 basilicam
604 3387 701 3427 novam
716 3372 774 3428 sola
790 3371 930 3428 llisserum
946 3370 1120 3428 sollennitate
1135 3369 1293 3426 consecrari
1308 3367 1408 3424 dixerit
1423 3365 1460 3445 (si

143 3471 195 3528 qua
212 3456 373 3512 sanctoruni
395 3455 506 3512 basilica
521 3472 537 3510 a
552 3456 732 3512 fundamentis
747 3456 828 3512 etiarn
845 3455 929 3512 iuerit
943 3456 1092 3525 innovata,
1114 3455 1172 3510 sine
1187 3453 1275 3526 aliqua
1291 3452 1462 3511 dubitatione

142 3557 202 3596 cum
217 3542 244 3596 in
259 3557 291 3596 ea
301 3539 441 3597 blissarum
456 3541 538 3596 luerit
553 3541 691 3597 celebrata
707 3541 876 3611 solennitas,
890 3541 975 3598 totius
989 3539 1166 3596 sanctificatio
1182 3538 1397 3595 consecrationis
1409 3538 1460 3593 im-

141 3625 269 3698 plebitur.
285 3624 416 3681 Harduiui
431 3624 514 3682 Conc.
530 3625 606 3681 Tom.
620 3626 653 3681 ss.
669 3643 695 3698 p.
712 3621 806 3702 1431).
834 3624 980 3696 Egouero
994 3640 1046 3697 pro
1062 3631 1140 3680 certo
1153 3623 1254 3695 habeo,
1269 3621 1461 3696 antiquissimis

141 3708 309 3782 temporibus
323 3709 350 3765 iu
365 3711 445 3767 novis
459 3709 580 3766 basilicis
596 3709 736 3783 recitatam
751 3726 813 3766 esse
824 3709 931 3767 blissam
942 3708 1083 3787 propriam
1092 3709 1127 3765 de
1137 3708 1325 3780 Dedicatione‚
1341 3709 1460 3764 fortusse

139 3793 360 3852 benedictionum
375 3793 540 3867 quarundam
556 3795 678 3852 formulis
693 3801 807 3855 auctam.
836 3794 971 3851 Praebent
985 3793 1064 3850 buius
1074 3794 1191 3866 generis
1207 3792 1344 3851 Collectas
1359 3790 1460 3848 Gelasii

142 3896 176 3936 ao
190 3878 319 3951 Gregorii
335 3878 560 3939 sacramentaria.
589 3871 721 3936 Hodiarui
736 3880 867 3952 temporis
883 3880 970 3949 ritus,
986 3875 1059 3950 quod
1073 3879 1133 3952 ipse
1147 3868 1317 3935 Rinterird'ius
1333 3873 1461 3932 concedit

96 4000 99 4009 ι
141 3965 160 4020 l.
177 3981 202 4020 c.
217 3981 244 4036 p.
260 3964 296 4020 38
317 3963 363 4019 vix
383 3963 518 4021 saeculum
537 3972 662 4021 octavum
678 3963 802 4036 attingit:
825 3980 914 4036 pocae
930 3962 1053 4020 omnibus
1067 3963 1189 4036 partibus
1203 3965 1343 4021 absolutus
1357 3959 1460 4031 legitor
1554 3953 1557 3967 ¹

141 4050 171 4106 iu
187 4048 290 4105 Codice
304 4048 398 4120 Eligit,
413 4050 440 4104 iu
457 4048 558 4105 Codice
572 4049 690 4119 lietoldi,
706 4049 734 4104 in
749 4055 908 4121 pervetusto
918 4047 1070 4106 Pontificali
1085 4038 1457 4117 menbranacsortadeittt.)

142 4133 180 4201 οἳ,
194 4134 334 4191 bluratorii
349 4135 397 4191 Lit.
414 4136 490 4193 Rom.
506 4133 537 4188 ll.
553 4150 580 4205 p.
596 4135 648 4188 415
663 4151 703 4205 sq.
725 4141 806 4205 atque
819 4132 848 4189 in
863 4132 966 4189 Codice
977 4131 1109 4204 'ligurino
1123 4150 1197 4191 saec.
1211 4132 1247 4187 lX
1261 4128 1332 4202 apud
1340 4127 1459 4184 Gerber·

144 4226 201 4276 tuna
215 4220 289 4279 lion.
303 4219 352 4276 bit
367 4219 412 4278 Al.
429 4219 494 4274 Tom
508 4219 541 4276 ll.
555 4234 582 4289 p.
597 4219 632 4275 47
647 4235 689 4289 sq.
705 4212 763 4296 (Τ.)

161 4304 165 4310 ’
203 4301 234 4379 2)
253 4306 347 4362 Potest
367 4301 503 4361 Sacerdos
518 4317 626 4374 quoque
643 4303 676 4358 ab
691 4301 830 4383 Episcopo
845 4303 989 4376 deputatus
1004 4301 1148 4360 ecclesiam
1161 4297 1388 4356 benedicere.
1418 4295 1460 4352 Fit

143 4389 214 4444 baec
227 4389 384 4446 benedictio
398 4389 453 4446 ritu
467 4386 626 4458 simpliciori
644 4403 733 4459 neque
747 4403 797 4461 par
813 4393 854 4444 est
870 4388 1004 4460 dignitate
1018 4383 1235 4444 consecrationi.

207 4469 311 4547 3)1an
335 4474 452 4547 antiquis
474 4487 632 4545 persuasum
655 4478 715 4529 e‘rat
736 4472 880 4531 ecclesiam
899 4489 954 4531 non
976 4488 1060 4547 posse
1083 4469 1186 4527 exstrui
1208 4469 1251 4527 vel
1272 4469 1368 4525 saltem
1383 4462 1460 4521 dedi-

146 4559 221 4628 cari,
243 4559 296 4616 nisi
322 4561 349 4616 in
369 4577 402 4616 ea
418 4558 544 4617 conditae
558 4557 612 4615 siut
625 4559 786 4616 Sanctorum
800 4557 942 4631 reliquiae.
973 4557 1100 4617 Ambros.
1116 4571 1160 4627 ep.
1177 4555 1212 4610 22
1225 4552 1260 4612 ad
1275 4553 1357 4622 blara
1372 4549 1460 4624 „cum
