3202 5176
837 306 913 381 436

222 544 225 551 .
331 497 509 578 Qua-linita,
528 496 839 584 Virgineesnrgeutee
853 497 941 562 simul
955 495 1297 579 eaetmthntiphonam:
1323 484 1418 557 Ecce
1442 485 1533 580 quod

215 594 423 688 tconcupivi,
449 594 514 665 iam
534 592 654 682 uideo,
678 592 770 688 quod
791 595 946 688 speravi,-
964 594 1032 663 iam
1048 603 1166 681 teneo,
1188 591 1239 669 illi
1264 611 1339 663 sum
1358 592 1474 660 iuncta
1499 591 1534 659 in

217 695 325 769 coelis
347 717 447 790 quem
466 698 502 767 iu
522 697 623 769 terris
641 697 752 792 posita
773 705 844 768 tota
865 695 1050 767 devotione
1074 695 1188 769 dilexi.
1211 702 1376 765 ¹t’oatheea
1388 701 1530 769 Pontifex

215 808 322 869 iunctis
337 817 404 870 aute
419 817 522 888 pectus
538 807 681 886 manibus,
695 806 765 871 dicit
777 826 867 888 super
879 808 945 869 illas
959 816 1081 884 etentes,
1097 805 1247 869 humiliter
1259 806 1426 883 inclinatae,
1442 803 1531 865 bece-

217 909 392 981 dictionem
412 901 508 975 Deus
528 901 716 997 plasmator
736 922 932 997 corporum,
953 896 1087 973 afflator
1109 903 1295 972 animarum
1318 900 1376 994 qui
1402 897 1530 969 nullam

143 1020 146 1032 '
216 1005 350 1098 spernis
367 1013 531 1093 «aetatem,
552 1004 681 1077 nullum
704 1025 825 1079 sexum
845 1001 1025 1099 reprobas,
1047 1002 1177 1075 nullam
1199 1001 1431 1075 conditionem
1455 1023 1531 1094 gra-

216 1109 262 1179 tia
283 1115 340 1177 tua
364 1105 459 1179 ducis
479 1106 664 1200 indiguam,
688 1106 750 1180 sed
774 1108 923 1179 omnium
945 1105 1098 1201 aequalis
1121 1114 1258 1179 creator
1282 1127 1320 1178 ee
1342 1113 1376 1176 et
1399 1103 1532 1179 redem-

219 1218 287 1298 tor,
314 1218 351 1281 tu
377 1208 606 1284 has-famulus
631 1219 727 1298 tuas,
752 1230 837 1304 quas
864 1212 1025 1283 exomni
1049 1230 1183 1281 nunero
1207 1209 1338 1300 gregis,
1365 1215 1404 1278 ut
1423 1205 1531 1279 bonus

117 1374 121 1381 .
217 1319 348 1408 pastor,
374 1312 432 1383 ad·
446 1311 718 1385 conservandum
741 1331 904 1383 coronam
927 1321 1117 1408 perpetuae
1142 1313 1348 1404 virginitatis
1376 1317 1412 1380 et
1435 1311 1531 1382 casti-

121 1416 136 1429 ’“
217 1416 365 1485 moniam
392 1417 525 1497 animae
549 1414 681 1507 eligere
708 1413 865 1507 diguatus
892 1438 950 1505 es,
985 1423 1064 1486 tuae
1090 1416 1313 1511 protectionis
1341 1420 1442 1484 scuto
1470 1413 1531 1483 cir-

219 1525 398 1608 cumtege,
431 1527 466 1589 ct
492 1517 535 1589 ad
558 1538 659 1589 omne
682 1539 769 1612 opus
792 1520 927 1592 virtutis
948 1527 982 1589 et
1004 1518 1136 1610 gloriae
1157 1518 1379 1609 magistrante
1400 1517 1531 1610 sapien-

219 1620 284 1708 tia,
311 1641 499 1715 praepara,
526 1629 563 1693 ut
588 1622 767 1693 vincentes
790 1623 902 1694 caruis
930 1619 1133 1711 illecebras,
1162 1629 1196 1690 et
1217 1619 1336 1691 illicita
1363 1617 1530 1691 connubia

218 1732 431 1813 recusantes,
457 1721 674 1798 insolubilem
701 1721 780 1795 Filii
805 1727 853 1797 tui
880 1723 1018 1795 Domini
1042 1724 1152 1796 nostri
1173 1722 1252 1795 lesu
1276 1719 1404 1795 Christi
1429 1743 1531 1816 copu-

218 1821 285 1896 lam
320 1836 525 1897 mereantur.
578 1822 639 1898 llis
667 1828 812 1924 petimus
840 1827 987 1899 Domine
1019 1847 1112 1899 arma
1139 1846 1328 1920 suggeras,
1361 1845 1433 1895 non
1461 1845 1530 1894 car-

219 1927 308 2001 nalia
341 1927 403 2001 sed
436 1931 575 2024 spiritus
608 1930 734 2001 virtute
761 1931 936 2025 potentia,
966 1939 1003 2001 ut
1028 1936 1063 1999 te
1090 1934 1281 2016 muniente,
1309 1948 1428 1999 aarum
1442 1947 1527 2005 sen·

221 2050 278 2103 sus
305 2039 339 2101 et
364 2030 528 2121 membra,
551 2033 586 2105 iu
608 2052 726 2104 earum
753 2032 955 2129 corporibus
983 2040 1017 2103 et
1039 2031 1214 2105 animabus
1235 2051 1311 2113 ‚non
1336 2031 1444 2125 possit
1470 2027 1527 2098 do-

219 2133 339 2203 minari
364 2144 562 2227 peccatum,
591 2155 632 2205 ac
658 2131 720 2206 sub
744 2141 802 2206 tua
823 2137 932 2229 gratia
958 2136 1080 2205 vivere
1102 2132 1334 2254 cupientibus,
1363 2131 1444 2202 nihil
1465 2129 1527 2202 sibi

222 2231 382 2306 defensor
412 2235 580 2306 malorum
607 2244 641 2309 et
667 2237 822 2322 iuimicus
848 2236 1016 2309 bonorum
1044 2236 1086 2309 de
1113 2235 1166 2309 his
1192 2238 1285 2311 vasis
1313 2236 1443 2308 nomini
1471 2243 1529 2303 tuo

221 2339 430 2425 consecratis
462 2337 662 2434 praevaleat
697 2339 883 2412 vindicare.
934 2338 1076 2412 Omnem
1113 2342 1214 2411 etiam
1248 2340 1413 2410 nocivum
1440 2334 1529 2405 calo-

130 2482 134 2493 «
220 2460 294 2510 rem
316 2438 423 2511 imber
442 2444 573 2536 gratiae
594 2451 674 2513 tuae
701 2430 862 2518 coelestis
886 2445 1075 2534 extinguat,
1096 2443 1211 2513 lumen
1232 2462 1319 2513 vero
1342 2448 1531 2536 perpetuae

221 2541 382 2613 castitatis
408 2542 584 2633 accendat,
610 2542 717 2619 iacies
743 2544 866 2640 pudica
892 2544 1061 2623 scandalis
1088 2565 1158 2615 non
1183 2552 1316 2642 pereat,
1342 2564 1457 2636 neque
1483 2542 1529 2610 in-

222 2645 339 2715 cautis
363 2649 578 2718 occasionem
604 2647 728 2718 tribuat
753 2648 962 2742 negligentia
990 2646 1216 2745 delinquendi.
1273 2646 1431 2743 Sitque
1422 2666 1457 2714 m
1483 2643 1530 2714 eis

221 2756 316 2820 casta
337 2746 537 2840 virginitas,
564 2751 630 2822 sint
653 2759 794 2823 ornatae
822 2755 951 2848 pariter
974 2761 1008 2821 et
1035 2759 1185 2820 armatae
1210 2748 1276 2820 iide
1298 2751 1447 2839 integre,
1472 2768 1531 2866 spe

222 2858 329 2936 certa,
353 2853 491 2921 caritate
519 2854 713 2941 sincera,u
715 2863 954 2950 tpraepareto
980 2856 1090 2922 animo
1119 2845 1162 2922 ad
1184 2854 1440 2939 continentiam,
1464 2851 1530 2920 ιιι-

33 3034 36 3043 ,
121 2979 124 2985 ·
220 2960 275 3023 tus
296 2958 388 3020 tanta
409 2963 612 3046 praestetur,
635 2976 723 3048 quae
742 2967 880 3052 superet
896 2954 1021 3026 diaboli
1038 2957 1201 3028 universa
1218 2953 1379 3048 figmenta
1397 2962 1434 3024 et
1452 2970 1531 3023 con

220 3049 404 3125 temnendo
437 3059 628 3150 praesentia
661 3055 781 3127 futura
809 3056 1001 3146 sectentur,
1035 3059 1160 3128 ieiunia
1193 3057 1302 3155 epuHs
1337 3053 1531 3128 carnalibus

219 3153 434 3252 praeferant,
449 3155 626 3232 lectiones
648 3180 764 3232 sacras
788 3171 823 3233 et
844 3164 1017 3234 orationes
1044 3161 1212 3234 conviviis
1240 3170 1274 3232 et
1300 3157 1530 3256 potationibus

221 3265 441 3353 anteponant,
461 3269 499 3329 ut
521 3263 730 3335 orationibus
750 3275 870 3358 pastae
893 3274 926 3336 et
947 3263 1192 3335 eruditionibus
1211 3263 1387 3359 expletae,
1410 3261 1528 3331 illumi

220 3369 322 3430 natae
343 3362 485 3453 vigiliis,
512 3385 597 3458 opus
620 3369 751 3457 gratiae
776 3353 951 3460 virginalis
974 3375 1170 3436 exerceant.
1217 3366 1278 3439 llis
1299 3368 1406 3457 igitur
1426 3365 1527 3433 virtu-

221 3471 292 3533 tum
316 3467 417 3537 armis
440 3464 501 3537 has
520 3475 602 3556 tuas,
617 3466 762 3542 famulas
781 3479 857 3543 tuas
877 3473 1019 3541 interius
1040 3471 1260 3563 exteriusque
1284 3467 1529 3550 communiens,

220 3575 373 3660 praesta,
393 3567 592 3639 inoffensum
614 3593 752 3645 cursum
777 3575 980 3668 virginitatis
999 3572 1154 3667 implere,
1180 3592 1243 3667 per
1267 3569 1440 3643 Christum
1460 3567 1530 3638 Do·

220 3668 348 3738 minum
368 3679 531 3742 nostrum.
575 3676 617 3763 ιι,
645 3674 768 3748 Amen

325 3835 398 3897 lum
411 3837 565 3921 Pontifex,
588 3852 708 3927 accepta
722 3844 807 3906 mitra
821 3852 902 3904 stane
917 3842 987 3904 dicit
1000 3853 1174 3925 sequentem
1187 3842 1430 3925 benedictionem
1443 3861 1530 3923 super

220 3937 286 4001 illas
302 3937 489 4021 genuflexas;

325 4070 513 4145 Benedicat
528 4097 594 4150 vos
612 4078 706 4154 Deus
725 4076 884 4172 Pa†ter,
902 4086 936 4148 et
954 4077 1106 4170 manus
1125 4085 1158 4147 et
1176 4074 1324 4170 Spiritus
1337 4074 1370 4168 ι
1385 4073 1529 4149 Sanctus

223 4177 316 4247 omui
336 4174 576 4250 benedictione
602 4182 785 4276 spirituali,
811 4190 849 4252 ut
868 4191 1044 4253 manentes
1071 4201 1206 4274 semper
1228 4181 1529 4274 incorruptae,in

221 4277 331 4348 violat
318 4287 372 4348 tae
394 4289 428 4351 et
448 4282 696 4375 immaculatae,
717 4285 778 4358 suh
801 4306 863 4357 ves
864 4287 1003 4356 timeuto
1022 4293 1159 4357 sanctae
1177 4279 1308 4355 Mariae
1325 4285 1444 4354 matris
1462 4281 1529 4353 Do·

221 4381 303 4450 mini
327 4384 436 4454 nostri
460 4381 539 4456 lesu
563 4382 698 4477 Christi,
726 4389 919 4482 requiescat
945 4407 1135 4482 supervos
1158 4386 1294 4479 spiritus
1321 4384 1528 4478 septiformis

223 4483 366 4573 gratiae,
389 4485 525 4601 spiritus
548 4492 733 4582 sapientiae
755 4500 791 4560 et
807 4489 1013 4578 intellectus,
1037 4490 1173 4583 spiritus
1194 4485 1327 4558 consilii
1344 4498 1380 4558 et
1397 4486 1529 4559 fortitu-

224 4582 323 4706 diuis,
349 4585 487 4680 spiritus
513 4591 676 4664 scientiae
703 4600 738 4663 ct
762 4593 897 4687 pietatis
924 4602 959 4665 et
984 4590 1116 4698 repleat
1141 4610 1207 4663 vos
1235 4589 1383 4684 spiritus
1400 4591 1528 4663 timoris
