<?xml version="1.0" encoding="UTF-8"?>
<!DOCTYPE html PUBLIC "-//W3C//DTD XHTML 1.0 Transitional//EN"
    "http://www.w3.org/TR/xhtml1/DTD/xhtml1-transitional.dtd">
<html xmlns="http://www.w3.org/1999/xhtml" xml:lang="en" lang="en">
 <head>
  <title>
</title>
<meta http-equiv="Content-Type" content="text/html;charset=utf-8" />
  <meta name='ocr-system' content='tesseract 3.04.00' />
  <meta name='ocr-capabilities' content='ocr_page ocr_carea ocr_par ocr_line ocrx_word'/>
</head>
<body>
  <div class='ocr_page' id='page_1' title='image "./codexliturgicus02danigoog_0168.png"; bbox 0 0 3202 5176; ppageno 0'>
   <div class='ocr_carea' id='block_1_1' title="bbox 756 334 828 404">
    <p class='ocr_par' dir='ltr' id='par_1_1' title="bbox 756 334 828 404">
     <span class='ocr_line' id='line_1_1' title="bbox 756 334 828 404; baseline 0 -1"><span class='ocrx_word' id='word_1_1' title='bbox 756 334 828 404; x_wconf 74' lang='lat'><strong>139</strong></span> 
     </span>
    </p>
   </div>
   <div class='ocr_carea' id='block_1_2' title="bbox 137 523 1490 1744">
    <p class='ocr_par' dir='ltr' id='par_1_2' title="bbox 137 523 1490 1744">
     <span class='ocr_line' id='line_1_2' title="bbox 137 523 1448 605; baseline 0 -15"><span class='ocrx_word' id='word_1_2' title='bbox 137 529 266 591; x_wconf 82' lang='lat' dir='ltr'><strong>unanimi</strong></span> <span class='ocrx_word' id='word_1_3' title='bbox 288 544 435 589; x_wconf 85' lang='lat' dir='ltr'><strong>consensu</strong></span> <span class='ocrx_word' id='word_1_4' title='bbox 457 525 643 587; x_wconf 85' lang='lat' dir='ltr'><strong>exhibentur.</strong></span> <span class='ocrx_word' id='word_1_5' title='bbox 679 525 767 600; x_wconf 80' lang='lat' dir='ltr'><strong>Quod</strong></span> <span class='ocrx_word' id='word_1_6' title='bbox 780 526 973 605; x_wconf 76' lang='lat' dir='ltr'><strong>investigavit</strong></span> <span class='ocrx_word' id='word_1_7' title='bbox 986 523 1155 588; x_wconf 67' lang='lat' dir='ltr'><strong>Mancinus</strong></span> <span class='ocrx_word' id='word_1_8' title='bbox 1169 527 1199 588; x_wconf 94' lang='lat' dir='ltr'><strong>in</strong></span> <span class='ocrx_word' id='word_1_9' title='bbox 1213 529 1448 590; x_wconf 80' lang='lat' dir='ltr'><strong>sacramentario</strong></span> 
     </span>
     <span class='ocr_line' id='line_1_3' title="bbox 139 625 1450 710; baseline 0.002 -19"><span class='ocrx_word' id='word_1_10' title='bbox 139 630 310 692; x_wconf 84' lang='lat' dir='ltr'><strong>Garthusiae</strong></span> <span class='ocrx_word' id='word_1_11' title='bbox 330 629 588 708; x_wconf 80' lang='lat' dir='ltr'><strong>Longipontanae:</strong></span> <span class='ocrx_word' id='word_1_12' title='bbox 613 625 758 689; x_wconf 79' lang='lat' dir='ltr'><em>Memento</em></span> <span class='ocrx_word' id='word_1_13' title='bbox 778 627 905 692; x_wconf 78' lang='lat' dir='ltr'><strong>llorninc</strong></span> <span class='ocrx_word' id='word_1_14' title='bbox 921 627 1106 706; x_wconf 61' lang='lat' dir='ltr'><strong>paruulorum</strong></span> <span class='ocrx_word' id='word_1_15' title='bbox 1121 627 1365 710; x_wconf 72' lang='lat' dir='ltr'><strong>surculorumque</strong></span> <span class='ocrx_word' id='word_1_16' title='bbox 1384 638 1450 692; x_wconf 75' lang='lat' dir='ltr'><strong>tract·¹</strong></span> 
     </span>
     <span class='ocr_line' id='line_1_4' title="bbox 138 729 1490 812; baseline 0.001 -19"><span class='ocrx_word' id='word_1_17' title='bbox 138 750 206 793; x_wconf 86' lang='lat' dir='ltr'><strong>rum</strong></span> <span class='ocrx_word' id='word_1_18' title='bbox 220 739 347 811; x_wconf 86' lang='lat' dir='ltr'><strong>propter</strong></span> <span class='ocrx_word' id='word_1_19' title='bbox 362 731 504 809; x_wconf 86' lang='lat' dir='ltr'><strong>pietatem</strong></span> <span class='ocrx_word' id='word_1_20' title='bbox 525 738 608 790; x_wconf 84' lang='lat' dir='ltr'><strong>tuam</strong></span> <span class='ocrx_word' id='word_1_21' title='bbox 624 729 708 791; x_wconf 89' lang='lat' dir='ltr'><strong>Deus</strong></span> <span class='ocrx_word' id='word_1_22' title='bbox 720 749 805 791; x_wconf 88' lang='lat' dir='ltr'><strong>meus</strong></span> <span class='ocrx_word' id='word_1_23' title='bbox 818 733 850 791; x_wconf 88' lang='lat' dir='ltr'><strong>in</strong></span> <span class='ocrx_word' id='word_1_24' title='bbox 867 730 976 793; x_wconf 86' lang='lat' dir='ltr'><strong>bonnm</strong></span> <span class='ocrx_word' id='word_1_25' title='bbox 988 739 1018 792; x_wconf 89' lang='lat' dir='ltr'><strong>ct</strong></span> <span class='ocrx_word' id='word_1_26' title='bbox 1029 733 1132 794; x_wconf 79' lang='lat' dir='ltr'><strong>delerm</strong></span> <span class='ocrx_word' id='word_1_27' title='bbox 1146 739 1275 811; x_wconf 88' lang='lat' dir='ltr'><strong>peccata</strong></span> <span class='ocrx_word' id='word_1_28' title='bbox 1295 751 1363 794; x_wconf 88' lang='lat' dir='ltr'><strong>mco</strong></span> <span class='ocrx_word' id='word_1_29' title='bbox 1377 749 1448 812; x_wconf 82' lang='lat' dir='ltr'><strong>pra·</strong></span> <span class='ocrx_word' id='word_1_30' title='bbox 1489 768 1490 773; x_wconf 21' lang='grc' dir='ltr'><strong>κ</strong></span> 
     </span>
     <span class='ocr_line' id='line_1_5' title="bbox 137 831 1450 915; baseline 0.001 -20"><span class='ocrx_word' id='word_1_31' title='bbox 137 833 236 911; x_wconf 87' lang='lat' dir='ltr'><strong>uia‚ct</strong></span> <span class='ocrx_word' id='word_1_32' title='bbox 248 831 365 912; x_wconf 75' lang='lat' dir='ltr'><strong>efficias</strong></span> <span class='ocrx_word' id='word_1_33' title='bbox 377 851 423 894; x_wconf 89' lang='lat' dir='ltr'><strong>me</strong></span> <span class='ocrx_word' id='word_1_34' title='bbox 437 838 498 894; x_wconf 86' lang='lat' dir='ltr'><strong>toto</strong></span> <span class='ocrx_word' id='word_1_35' title='bbox 513 833 586 915; x_wconf 81' lang='lat' dir='ltr'><strong>orbe</strong></span> <span class='ocrx_word' id='word_1_36' title='bbox 601 834 739 894; x_wconf 84' lang='lat' dir='ltr'><strong>deuotum</strong></span> <span class='ocrx_word' id='word_1_37' title='bbox 751 838 781 894; x_wconf 89' lang='lat' dir='ltr'><strong>et</strong></span> <span class='ocrx_word' id='word_1_38' title='bbox 793 833 894 915; x_wconf 78' lang='lat' dir='ltr'><strong>patris</strong></span> <span class='ocrx_word' id='word_1_39' title='bbox 907 837 966 896; x_wconf 87' lang='lat' dir='ltr'><strong>mei</strong></span> <span class='ocrx_word' id='word_1_40' title='bbox 978 844 1047 914; x_wconf 81' lang='lat' dir='ltr'><strong>ete,</strong></span> <span class='ocrx_word' id='word_1_41' title='bbox 1057 837 1155 897; x_wconf 91' lang='lat' dir='ltr'><strong>multis</strong></span> <span class='ocrx_word' id='word_1_42' title='bbox 1170 837 1293 898; x_wconf 92' lang='lat' dir='ltr'><strong>aliorum</strong></span> <span class='ocrx_word' id='word_1_43' title='bbox 1308 837 1450 911; x_wconf 80' lang='lat' dir='ltr'><strong>librorum</strong></span> 
     </span>
     <span class='ocr_line' id='line_1_6' title="bbox 138 918 1450 1019; baseline 0.002 -21"><span class='ocrx_word' id='word_1_44' title='bbox 138 938 300 1017; x_wconf 86' lang='lat' dir='ltr'><strong>comparari</strong></span> <span class='ocrx_word' id='word_1_45' title='bbox 315 944 415 1017; x_wconf 91' lang='lat' dir='ltr'><strong>potest</strong></span> <span class='ocrx_word' id='word_1_46' title='bbox 429 918 583 1017; x_wconf 83' lang='lat' dir='ltr'><strong>exemplis.</strong></span> <span class='ocrx_word' id='word_1_47' title='bbox 605 936 678 998; x_wconf 90' lang='lat' dir='ltr'><strong>ltem</strong></span> <span class='ocrx_word' id='word_1_48' title='bbox 691 939 855 1001; x_wconf 75' lang='lat' dir='ltr'><strong>accuratius</strong></span> <span class='ocrx_word' id='word_1_49' title='bbox 871 937 1047 1019; x_wconf 89' lang='lat' dir='ltr'><strong>disputatum</strong></span> <span class='ocrx_word' id='word_1_50' title='bbox 1057 940 1273 1017; x_wconf 87' lang='lat' dir='ltr'><strong>est‚iormulam</strong></span> <span class='ocrx_word' id='word_1_51' title='bbox 1283 938 1450 1019; x_wconf 87' lang='lat' dir='ltr'><strong>illam‚pro</strong></span> 
     </span>
     <span class='ocr_line' id='line_1_7' title="bbox 140 1038 1451 1120; baseline 0.002 -21"><span class='ocrx_word' id='word_1_52' title='bbox 140 1038 278 1119; x_wconf 90' lang='lat' dir='ltr'><strong>quibus</strong></span> <span class='ocrx_word' id='word_1_53' title='bbox 307 1039 377 1100; x_wconf 88' lang='lat' dir='ltr'><strong>tibi</strong></span> <span class='ocrx_word' id='word_1_54' title='bbox 400 1039 620 1118; x_wconf 82' lang='lat' dir='ltr'><strong>offerimus,</strong></span> <span class='ocrx_word' id='word_1_55' title='bbox 644 1041 775 1120; x_wconf 78' lang='lat' dir='ltr'><strong>sequiori</strong></span> <span class='ocrx_word' id='word_1_56' title='bbox 796 1049 893 1101; x_wconf 85' lang='lat' dir='ltr'><strong>aetate</strong></span> <span class='ocrx_word' id='word_1_57' title='bbox 914 1040 950 1102; x_wconf 89' lang='lat' dir='ltr'><strong>ad</strong></span> <span class='ocrx_word' id='word_1_58' title='bbox 972 1041 1120 1102; x_wconf 75' lang='lat' dir='ltr'><strong>canonem</strong></span> <span class='ocrx_word' id='word_1_59' title='bbox 1148 1043 1320 1103; x_wconf 88' lang='lat' dir='ltr'><strong>accessisse.</strong></span> <span class='ocrx_word' id='word_1_60' title='bbox 1356 1040 1451 1103; x_wconf 87' lang='lat' dir='ltr'><strong>Recte</strong></span> 
     </span>
     <span class='ocr_line' id='line_1_8' title="bbox 139 1138 1451 1224; baseline 0.002 -23"><span class='ocrx_word' id='word_1_61' title='bbox 139 1150 238 1201; x_wconf 90' lang='lat' dir='ltr'><strong>monet</strong></span> <span class='ocrx_word' id='word_1_62' title='bbox 260 1138 426 1201; x_wconf 85' lang='lat' dir='ltr'><strong>Gerbertus</strong></span> <span class='ocrx_word' id='word_1_63' title='bbox 444 1142 474 1202; x_wconf 90' lang='lat' dir='ltr'><strong>in</strong></span> <span class='ocrx_word' id='word_1_64' title='bbox 487 1141 666 1205; x_wconf 83' lang='lat' dir='ltr'><strong>Alemanicis</strong></span> <span class='ocrx_word' id='word_1_65' title='bbox 687 1144 902 1223; x_wconf 83' lang='lat' dir='ltr'><strong>antiquioribus</strong></span> <span class='ocrx_word' id='word_1_66' title='bbox 922 1142 998 1205; x_wconf 88' lang='lat' dir='ltr'><strong>baud</strong></span> <span class='ocrx_word' id='word_1_67' title='bbox 1012 1145 1178 1224; x_wconf 87' lang='lat' dir='ltr'><strong>reperisse,</strong></span> <span class='ocrx_word' id='word_1_68' title='bbox 1200 1144 1256 1205; x_wconf 89' lang='lat' dir='ltr'><strong>nisi</strong></span> <span class='ocrx_word' id='word_1_69' title='bbox 1275 1141 1451 1223; x_wconf 85' lang='lat' dir='ltr'><strong>quandoque</strong></span> 
     </span>
     <span class='ocr_line' id='line_1_9' title="bbox 139 1244 1449 1327; baseline 0 -24"><span class='ocrx_word' id='word_1_70' title='bbox 139 1244 300 1304; x_wconf 80' lang='lat' dir='ltr'><strong>recentiori</strong></span> <span class='ocrx_word' id='word_1_71' title='bbox 321 1262 406 1305; x_wconf 88' lang='lat' dir='ltr'><strong>mann</strong></span> <span class='ocrx_word' id='word_1_72' title='bbox 431 1246 460 1306; x_wconf 90' lang='lat' dir='ltr'><strong>in</strong></span> <span class='ocrx_word' id='word_1_73' title='bbox 482 1262 533 1305; x_wconf 92' lang='lat' dir='ltr'><strong>ora</strong></span> <span class='ocrx_word' id='word_1_74' title='bbox 555 1247 727 1326; x_wconf 82' lang='lat' dir='ltr'><strong>paginarum</strong></span> <span class='ocrx_word' id='word_1_75' title='bbox 749 1246 887 1308; x_wconf 88' lang='lat' dir='ltr'><strong>additum.</strong></span> <span class='ocrx_word' id='word_1_76' title='bbox 921 1245 990 1327; x_wconf 91' lang='lat' dir='ltr'><strong>lpse</strong></span> <span class='ocrx_word' id='word_1_77' title='bbox 1008 1245 1115 1308; x_wconf 93' lang='lat' dir='ltr'><strong>multos</strong></span> <span class='ocrx_word' id='word_1_78' title='bbox 1143 1244 1203 1319; x_wconf 86' lang='lat' dir='ltr'><strong>vidi</strong></span> <span class='ocrx_word' id='word_1_79' title='bbox 1225 1244 1318 1306; x_wconf 93' lang='lat' dir='ltr'><strong>libros</strong></span> <span class='ocrx_word' id='word_1_80' title='bbox 1339 1244 1449 1306; x_wconf 90' lang='lat' dir='ltr'><strong>saeculi</strong></span> 
     </span>
     <span class='ocr_line' id='line_1_10' title="bbox 139 1344 1452 1428; baseline 0.002 -21"><span class='ocrx_word' id='word_1_81' title='bbox 139 1344 245 1407; x_wconf 89' lang='lat' dir='ltr'><strong>decimi</strong></span> <span class='ocrx_word' id='word_1_82' title='bbox 266 1347 359 1428; x_wconf 90' lang='lat' dir='ltr'><strong>quinti</strong></span> <span class='ocrx_word' id='word_1_83' title='bbox 379 1346 513 1426; x_wconf 87' lang='lat' dir='ltr'><strong>adeoque</strong></span> <span class='ocrx_word' id='word_1_84' title='bbox 535 1349 624 1425; x_wconf 86' lang='lat' dir='ltr'><strong>sexti,</strong></span> <span class='ocrx_word' id='word_1_85' title='bbox 645 1348 731 1409; x_wconf 92' lang='lat' dir='ltr'><strong>illius·</strong></span> <span class='ocrx_word' id='word_1_86' title='bbox 745 1349 888 1410; x_wconf 86' lang='lat' dir='ltr'><strong>formulae</strong></span> <span class='ocrx_word' id='word_1_87' title='bbox 907 1350 1043 1426; x_wconf 86' lang='lat' dir='ltr'><strong>nescios,</strong></span> <span class='ocrx_word' id='word_1_88' title='bbox 1065 1367 1090 1409; x_wconf 95' lang='lat' dir='ltr'><strong>e.</strong></span> <span class='ocrx_word' id='word_1_89' title='bbox 1105 1366 1136 1425; x_wconf 78' lang='lat' dir='ltr'><strong>g.</strong></span> <span class='ocrx_word' id='word_1_90' title='bbox 1152 1347 1271 1409; x_wconf 88' lang='lat' dir='ltr'><strong>llissale</strong></span> <span class='ocrx_word' id='word_1_91' title='bbox 1291 1347 1452 1409; x_wconf 86' lang='lat' dir='ltr'><strong>secundum</strong></span> 
     </span>
     <span class='ocr_line' id='line_1_11' title="bbox 140 1442 1452 1532; baseline 0.002 -24"><span class='ocrx_word' id='word_1_92' title='bbox 140 1448 383 1509; x_wconf 84' lang='lat' dir='ltr'><strong>consuetudinem</strong></span> <span class='ocrx_word' id='word_1_93' title='bbox 407 1449 529 1509; x_wconf 87' lang='lat' dir='ltr'><strong>fratrum</strong></span> <span class='ocrx_word' id='word_1_94' title='bbox 556 1451 668 1511; x_wconf 90' lang='lat' dir='ltr'><strong>ordinis</strong></span> <span class='ocrx_word' id='word_1_95' title='bbox 697 1450 915 1527; x_wconf 80' lang='lat' dir='ltr'><strong>cisterciensis,</strong></span> <span class='ocrx_word' id='word_1_96' title='bbox 937 1457 1016 1530; x_wconf 93' lang='lat' dir='ltr'><strong>quod</strong></span> <span class='ocrx_word' id='word_1_97' title='bbox 1035 1451 1147 1532; x_wconf 87' lang='lat' dir='ltr'><strong>prodiit</strong></span> <span class='ocrx_word' id='word_1_98' title='bbox 1167 1442 1264 1515; x_wconf 84' lang='lat'>1487.</span> <span class='ocrx_word' id='word_1_99' title='bbox 1306 1449 1391 1511; x_wconf 92' lang='lat' dir='ltr'><strong>Nunc</strong></span> <span class='ocrx_word' id='word_1_100' title='bbox 1415 1444 1452 1510; x_wconf 87' lang='lat' dir='ltr'><strong>ad</strong></span> 
     </span>
     <span class='ocr_line' id='line_1_12' title="bbox 138 1550 1452 1633; baseline 0 -22"><span class='ocrx_word' id='word_1_101' title='bbox 138 1550 329 1630; x_wconf 86' lang='lat' dir='ltr'><strong>splendorem</strong></span> <span class='ocrx_word' id='word_1_102' title='bbox 353 1569 527 1611; x_wconf 89' lang='lat' dir='ltr'><strong>summarum</strong></span> <span class='ocrx_word' id='word_1_103' title='bbox 548 1552 740 1612; x_wconf 83' lang='lat' dir='ltr'><strong>festivitatum</strong></span> <span class='ocrx_word' id='word_1_104' title='bbox 766 1553 889 1633; x_wconf 90' lang='lat' dir='ltr'><strong>paucula</strong></span> <span class='ocrx_word' id='word_1_105' title='bbox 910 1553 996 1613; x_wconf 86' lang='lat' dir='ltr'><strong>adiici</strong></span> <span class='ocrx_word' id='word_1_106' title='bbox 1018 1554 1047 1613; x_wconf 93' lang='lat' dir='ltr'><strong>in</strong></span> <span class='ocrx_word' id='word_1_107' title='bbox 1067 1551 1401 1615; x_wconf 77' lang='lat' dir='ltr'><strong>communicantes</strong></span> <span class='ocrx_word' id='word_1_108' title='bbox 1422 1559 1452 1611; x_wconf 90' lang='lat' dir='ltr'><strong>et</strong></span> 
     </span>
     <span class='ocr_line' id='line_1_13' title="bbox 138 1651 1131 1744; baseline 0.004 -32"><span class='ocrx_word' id='word_1_109' title='bbox 138 1652 239 1714; x_wconf 88' lang='lat' dir='ltr'><strong>llnuc</strong></span> <span class='ocrx_word' id='word_1_110' title='bbox 261 1651 500 1714; x_wconf 87' lang='lat' dir='ltr'><strong>oblationem</strong></span> <span class='ocrx_word' id='word_1_111' title='bbox 521 1654 550 1713; x_wconf 92' lang='lat' dir='ltr'><strong>in</strong></span> <span class='ocrx_word' id='word_1_112' title='bbox 567 1655 630 1734; x_wconf 87' lang='lat' dir='ltr'><strong>ipsa</strong></span> <span class='ocrx_word' id='word_1_113' title='bbox 644 1652 754 1714; x_wconf 85' lang='lat' dir='ltr'><strong>Tabula</strong></span> <span class='ocrx_word' id='word_1_114' title='bbox 771 1654 981 1734; x_wconf 84' lang='lat' dir='ltr'><strong>quadripartita</strong></span> <span class='ocrx_word' id='word_1_115' title='bbox 997 1654 1131 1744; x_wconf 84' lang='lat' dir='ltr'><strong>diximus.</strong></span> 
     </span>
    </p>
   </div>
   <div class='ocr_carea' id='block_1_3' title="bbox 137 1846 1535 3264">
    <p class='ocr_par' dir='ltr' id='par_1_3' title="bbox 137 1846 1535 3264">
     <span class='ocr_line' id='line_1_14' title="bbox 240 1846 1451 1937; baseline 0.003 -23"><span class='ocrx_word' id='word_1_116' title='bbox 240 1853 333 1916; x_wconf 84' lang='lat' dir='ltr'><strong>XXII.</strong></span> <span class='ocrx_word' id='word_1_117' title='bbox 355 1854 453 1917; x_wconf 88' lang='lat' dir='ltr'><strong>Primo</strong></span> <span class='ocrx_word' id='word_1_118' title='bbox 468 1855 625 1917; x_wconf 91' lang='lat' dir='ltr'><strong>notandum</strong></span> <span class='ocrx_word' id='word_1_119' title='bbox 641 1864 701 1934; x_wconf 88' lang='lat' dir='ltr'><strong>cst,</strong></span> <span class='ocrx_word' id='word_1_120' title='bbox 722 1856 752 1916; x_wconf 92' lang='lat' dir='ltr'><strong>in</strong></span> <span class='ocrx_word' id='word_1_121' title='bbox 766 1855 937 1935; x_wconf 88' lang='lat' dir='ltr'><strong>quibusdam</strong></span> <span class='ocrx_word' id='word_1_122' title='bbox 957 1855 1041 1917; x_wconf 89' lang='lat' dir='ltr'><strong>libris</strong></span> <span class='ocrx_word' id='word_1_123' title='bbox 1059 1846 1115 1937; x_wconf 84' lang='lat' dir='ltr'><strong>ipsi</strong></span> <span class='ocrx_word' id='word_1_124' title='bbox 1131 1854 1371 1917; x_wconf 83' lang='lat' dir='ltr'><strong>Consecrationis</strong></span> <span class='ocrx_word' id='word_1_125' title='bbox 1391 1857 1451 1918; x_wconf 89' lang='lat' dir='ltr'><strong>lor·</strong></span> 
     </span>
     <span class='ocr_line' id='line_1_15' title="bbox 139 1944 1450 2040; baseline 0.002 -22"><span class='ocrx_word' id='word_1_126' title='bbox 139 1956 234 2018; x_wconf 89' lang='lat' dir='ltr'><strong>mulae</strong></span> <span class='ocrx_word' id='word_1_127' title='bbox 249 1959 438 2036; x_wconf 86' lang='lat' dir='ltr'><strong>praemissam</strong></span> <span class='ocrx_word' id='word_1_128' title='bbox 454 1944 522 2018; x_wconf 84' lang='lat' dir='ltr'><strong>esse</strong></span> <span class='ocrx_word' id='word_1_129' title='bbox 537 1960 700 2020; x_wconf 85' lang='lat' dir='ltr'><strong>orationem</strong></span> <span class='ocrx_word' id='word_1_130' title='bbox 715 1953 1000 2040; x_wconf 70' lang='grc' dir='ltr'><strong><em>παρασκευαστικήν</em></strong></span> <span class='ocrx_word' id='word_1_131' title='bbox 1021 1958 1069 2019; x_wconf 91' lang='lat' dir='ltr'><strong>vel</strong></span> <span class='ocrx_word' id='word_1_132' title='bbox 1089 1958 1304 2036; x_wconf 89' lang='lat' dir='ltr'><strong>lntentioncm,</strong></span> <span class='ocrx_word' id='word_1_133' title='bbox 1325 1968 1356 2018; x_wconf 92' lang='lat' dir='ltr'><strong>ut</strong></span> <span class='ocrx_word' id='word_1_134' title='bbox 1372 1959 1450 2020; x_wconf 85' lang='lat' dir='ltr'><strong>dice·</strong></span> 
     </span>
     <span class='ocr_line' id='line_1_16' title="bbox 139 2059 1450 2140; baseline 0.004 -21"><span class='ocrx_word' id='word_1_135' title='bbox 139 2059 218 2119; x_wconf 89' lang='lat' dir='ltr'><strong>bant.</strong></span> <span class='ocrx_word' id='word_1_136' title='bbox 232 2059 399 2121; x_wconf 82' lang='lat' dir='ltr'><strong>Referenda</strong></span> <span class='ocrx_word' id='word_1_137' title='bbox 414 2061 470 2120; x_wconf 92' lang='lat' dir='ltr'><strong>huc</strong></span> <span class='ocrx_word' id='word_1_138' title='bbox 484 2070 561 2137; x_wconf 83' lang='lat' dir='ltr'><strong>sunt,</strong></span> <span class='ocrx_word' id='word_1_139' title='bbox 571 2079 645 2140; x_wconf 90' lang='lat' dir='ltr'><strong>quae</strong></span> <span class='ocrx_word' id='word_1_140' title='bbox 660 2063 690 2122; x_wconf 90' lang='lat' dir='ltr'><strong>in</strong></span> <span class='ocrx_word' id='word_1_141' title='bbox 704 2061 925 2123; x_wconf 85' lang='lat' dir='ltr'><strong>ordinellissae</strong></span> <span class='ocrx_word' id='word_1_142' title='bbox 935 2062 1106 2122; x_wconf 89' lang='lat' dir='ltr'><strong>monasterii</strong></span> <span class='ocrx_word' id='word_1_143' title='bbox 1116 2061 1285 2121; x_wconf 87' lang='lat' dir='ltr'><strong>Ursinensis</strong></span> <span class='ocrx_word' id='word_1_144' title='bbox 1299 2079 1378 2121; x_wconf 87' lang='lat' dir='ltr'><strong>saec.</strong></span> <span class='ocrx_word' id='word_1_145' title='bbox 1387 2059 1450 2124; x_wconf 85' lang='lat' dir='ltr'><strong>XV.</strong></span> 
     </span>
     <span class='ocr_line' id='line_1_17' title="bbox 138 2162 1451 2244; baseline 0.002 -23"><span class='ocrx_word' id='word_1_146' title='bbox 138 2162 297 2222; x_wconf 89' lang='lat' dir='ltr'><strong>habentur:</strong></span> <span class='ocrx_word' id='word_1_147' title='bbox 320 2162 471 2239; x_wconf 88' lang='lat' dir='ltr'><strong>„Intentio</strong></span> <span class='ocrx_word' id='word_1_148' title='bbox 487 2173 554 2223; x_wconf 87' lang='lat' dir='ltr'><strong>ante</strong></span> <span class='ocrx_word' id='word_1_149' title='bbox 570 2166 919 2244; x_wconf 84' lang='lat' dir='ltr'><strong>consecrationcm‚quae</strong></span> <span class='ocrx_word' id='word_1_150' title='bbox 934 2174 1029 2225; x_wconf 87' lang='lat' dir='ltr'><strong>tamen</strong></span> <span class='ocrx_word' id='word_1_151' title='bbox 1045 2165 1151 2224; x_wconf 90' lang='lat' dir='ltr'><strong>dicitur</strong></span> <span class='ocrx_word' id='word_1_152' title='bbox 1166 2165 1231 2224; x_wconf 91' lang='lat' dir='ltr'><strong>sine</strong></span> <span class='ocrx_word' id='word_1_153' title='bbox 1245 2165 1372 2243; x_wconf 87' lang='lat' dir='ltr'><strong>strepitu</strong></span> <span class='ocrx_word' id='word_1_154' title='bbox 1387 2183 1451 2224; x_wconf 88' lang='lat' dir='ltr'><strong>ver-</strong></span> 
     </span>
     <span class='ocr_line' id='line_1_18' title="bbox 138 2262 1453 2344; baseline 0.002 -20"><span class='ocrx_word' id='word_1_155' title='bbox 138 2263 253 2325; x_wconf 90' lang='lat' dir='ltr'><strong>borum.</strong></span> <span class='ocrx_word' id='word_1_156' title='bbox 287 2262 412 2324; x_wconf 84' lang='lat' dir='ltr'><strong>intendo</strong></span> <span class='ocrx_word' id='word_1_157' title='bbox 431 2283 512 2324; x_wconf 89' lang='lat' dir='ltr'><strong>nunc</strong></span> <span class='ocrx_word' id='word_1_158' title='bbox 535 2264 759 2326; x_wconf 76' lang='lat' dir='ltr'><strong>clementissine</strong></span> <span class='ocrx_word' id='word_1_159' title='bbox 779 2265 869 2330; x_wconf 85' lang='lat' dir='ltr'><strong>Deus&#39;</strong></span> <span class='ocrx_word' id='word_1_160' title='bbox 889 2283 1071 2327; x_wconf 83' lang='lat' dir='ltr'><strong>consecrare</strong></span> <span class='ocrx_word' id='word_1_161' title='bbox 1094 2281 1206 2342; x_wconf 79' lang='lat' dir='ltr'><strong>partem</strong></span> <span class='ocrx_word' id='word_1_162' title='bbox 1235 2263 1267 2326; x_wconf 90' lang='lat' dir='ltr'><strong>in</strong></span> <span class='ocrx_word' id='word_1_163' title='bbox 1286 2264 1398 2344; x_wconf 83' lang='lat' dir='ltr'><strong>corpus</strong></span> <span class='ocrx_word' id='word_1_164' title='bbox 1423 2272 1453 2327; x_wconf 87' lang='lat' dir='ltr'><strong>el</strong></span> 
     </span>
     <span class='ocr_line' id='line_1_19' title="bbox 138 2366 1450 2446; baseline 0.003 -21"><span class='ocrx_word' id='word_1_165' title='bbox 138 2366 241 2425; x_wconf 84' lang='lat' dir='ltr'><strong>einum</strong></span> <span class='ocrx_word' id='word_1_166' title='bbox 252 2366 284 2424; x_wconf 89' lang='lat' dir='ltr'><strong>in</strong></span> <span class='ocrx_word' id='word_1_167' title='bbox 297 2366 473 2442; x_wconf 76' lang='lat' dir='ltr'><strong>sanquinem</strong></span> <span class='ocrx_word' id='word_1_168' title='bbox 485 2366 605 2428; x_wconf 79' lang='lat' dir='ltr'><strong>Domini</strong></span> <span class='ocrx_word' id='word_1_169' title='bbox 616 2370 713 2429; x_wconf 86' lang='lat' dir='ltr'><strong>nostri</strong></span> <span class='ocrx_word' id='word_1_170' title='bbox 724 2368 796 2429; x_wconf 88' lang='lat' dir='ltr'><strong>lesu</strong></span> <span class='ocrx_word' id='word_1_171' title='bbox 811 2368 965 2429; x_wconf 68' lang='lat' dir='ltr'><strong>christiin</strong></span> <span class='ocrx_word' id='word_1_172' title='bbox 978 2368 1153 2428; x_wconf 85' lang='lat' dir='ltr'><strong>memorium</strong></span> <span class='ocrx_word' id='word_1_173' title='bbox 1162 2367 1317 2446; x_wconf 80' lang='lat' dir='ltr'><strong>passionis</strong></span> <span class='ocrx_word' id='word_1_174' title='bbox 1331 2375 1361 2429; x_wconf 90' lang='lat' dir='ltr'><strong>et</strong></span> <span class='ocrx_word' id='word_1_175' title='bbox 1372 2386 1450 2429; x_wconf 90' lang='lat' dir='ltr'><strong>mor·</strong></span> 
     </span>
     <span class='ocr_line' id='line_1_20' title="bbox 139 2467 1451 2546; baseline 0.005 -20"><span class='ocrx_word' id='word_1_176' title='bbox 139 2467 179 2526; x_wconf 84' lang='lat' dir='ltr'><strong>tis</strong></span> <span class='ocrx_word' id='word_1_177' title='bbox 191 2467 257 2526; x_wconf 87' lang='lat' dir='ltr'><strong>cius</strong></span> <span class='ocrx_word' id='word_1_178' title='bbox 272 2484 331 2545; x_wconf 85' lang='lat' dir='ltr'><strong>per</strong></span> <span class='ocrx_word' id='word_1_179' title='bbox 348 2467 442 2527; x_wconf 85' lang='lat' dir='ltr'><strong>cerba</strong></span> <span class='ocrx_word' id='word_1_180' title='bbox 460 2469 593 2528; x_wconf 86' lang='lat' dir='ltr'><strong>ciusdem</strong></span> <span class='ocrx_word' id='word_1_181' title='bbox 615 2469 780 2530; x_wconf 85' lang='lat' dir='ltr'><strong>saluatoris</strong></span> <span class='ocrx_word' id='word_1_182' title='bbox 791 2472 891 2531; x_wconf 79' lang='lat' dir='ltr'><strong>nostri</strong></span> <span class='ocrx_word' id='word_1_183' title='bbox 901 2470 973 2531; x_wconf 90' lang='lat' dir='ltr'><strong>lesu</strong></span> <span class='ocrx_word' id='word_1_184' title='bbox 988 2468 1111 2530; x_wconf 75' lang='lat' dir='ltr'><strong>cuncti.</strong></span> <span class='ocrx_word' id='word_1_185' title='bbox 1141 2468 1202 2542; x_wconf 85' lang='lat' dir='ltr'><strong>Qui</strong></span> <span class='ocrx_word' id='word_1_186' title='bbox 1215 2471 1322 2546; x_wconf 75' lang='lat' dir='ltr'><strong>pridie.</strong></span> <span class='ocrx_word' id='word_1_187' title='bbox 1356 2472 1451 2533; x_wconf 90' lang='lat' dir='ltr'><strong>Porro</strong></span> 
     </span>
     <span class='ocr_line' id='line_1_21' title="bbox 139 2569 1452 2653; baseline 0.001 -22"><span class='ocrx_word' id='word_1_188' title='bbox 139 2569 258 2631; x_wconf 84' lang='lat' dir='ltr'><strong>diversa</strong></span> <span class='ocrx_word' id='word_1_189' title='bbox 273 2579 336 2630; x_wconf 88' lang='lat' dir='ltr'><strong>erat</strong></span> <span class='ocrx_word' id='word_1_190' title='bbox 350 2570 541 2631; x_wconf 88' lang='lat' dir='ltr'><strong>ecclesiarum</strong></span> <span class='ocrx_word' id='word_1_191' title='bbox 556 2573 739 2633; x_wconf 83' lang='lat' dir='ltr'><strong>consuetudo</strong></span> <span class='ocrx_word' id='word_1_192' title='bbox 760 2582 848 2653; x_wconf 88' lang='lat' dir='ltr'><strong>atque</strong></span> <span class='ocrx_word' id='word_1_193' title='bbox 862 2575 1024 2633; x_wconf 87' lang='lat' dir='ltr'><strong>institutum</strong></span> <span class='ocrx_word' id='word_1_194' title='bbox 1043 2575 1073 2632; x_wconf 94' lang='lat' dir='ltr'><strong>in</strong></span> <span class='ocrx_word' id='word_1_195' title='bbox 1091 2574 1148 2633; x_wconf 90' lang='lat' dir='ltr'><strong>ritu</strong></span> <span class='ocrx_word' id='word_1_196' title='bbox 1166 2571 1351 2632; x_wconf 84' lang='lat' dir='ltr'><strong>elevationis.</strong></span> <span class='ocrx_word' id='word_1_197' title='bbox 1383 2572 1452 2633; x_wconf 89' lang='lat' dir='ltr'><strong>Bin-</strong></span> 
     </span>
     <span class='ocr_line' id='line_1_22' title="bbox 141 2668 1454 2753; baseline 0 -19"><span class='ocrx_word' id='word_1_198' title='bbox 141 2673 273 2734; x_wconf 89' lang='lat' dir='ltr'><strong>terimius</strong></span> <span class='ocrx_word' id='word_1_199' title='bbox 293 2672 312 2732; x_wconf 90' lang='lat' dir='ltr'><strong>l.</strong></span> <span class='ocrx_word' id='word_1_200' title='bbox 328 2691 353 2733; x_wconf 90' lang='lat' dir='ltr'><strong>o.</strong></span> <span class='ocrx_word' id='word_1_201' title='bbox 368 2691 398 2753; x_wconf 94' lang='lat' dir='ltr'><strong>p.</strong></span> <span class='ocrx_word' id='word_1_202' title='bbox 411 2668 490 2733; x_wconf 80' lang='lat'>431:</span> <span class='ocrx_word' id='word_1_203' title='bbox 520 2673 586 2735; x_wconf 89' lang='lat' dir='ltr'><strong>Der</strong></span> <span class='ocrx_word' id='word_1_204' title='bbox 603 2673 664 2734; x_wconf 85' lang='lat' dir='ltr'><strong>alte</strong></span> <span class='ocrx_word' id='word_1_205' title='bbox 683 2673 844 2735; x_wconf 82' lang='lat' dir='ltr'><strong>lsdluisclre</strong></span> <span class='ocrx_word' id='word_1_206' title='bbox 865 2672 948 2735; x_wconf 85' lang='lat' dir='ltr'><strong>Ordo</strong></span> <span class='ocrx_word' id='word_1_207' title='bbox 973 2674 1027 2734; x_wconf 81' lang='lat' dir='ltr'><strong>iat</strong></span> <span class='ocrx_word' id='word_1_208' title='bbox 1049 2673 1182 2733; x_wconf 80' lang='lat' dir='ltr'><strong>beiden</strong></span> <span class='ocrx_word' id='word_1_209' title='bbox 1194 2670 1317 2734; x_wconf 84' lang='lat' dir='ltr'><strong>Worten</strong></span> <span class='ocrx_word' id='word_1_210' title='bbox 1336 2674 1454 2752; x_wconf 87' lang='lat' dir='ltr'><strong>accepit</strong></span> 
     </span>
     <span class='ocr_line' id='line_1_23' title="bbox 137 2773 1535 2852; baseline 0.002 -18"><span class='ocrx_word' id='word_1_211' title='bbox 137 2792 248 2852; x_wconf 86' lang='lat' dir='ltr'><strong>panem</strong></span> <span class='ocrx_word' id='word_1_212' title='bbox 260 2774 308 2833; x_wconf 88' lang='lat' dir='ltr'><strong>die</strong></span> <span class='ocrx_word' id='word_1_213' title='bbox 320 2774 455 2837; x_wconf 77' lang='lat' dir='ltr'><strong>Rubrii.-</strong></span> <span class='ocrx_word' id='word_1_214' title='bbox 468 2773 517 2835; x_wconf 85' lang='lat' dir='ltr'><strong>bic</strong></span> <span class='ocrx_word' id='word_1_215' title='bbox 530 2776 612 2836; x_wconf 87' lang='lat' dir='ltr'><strong>levat</strong></span> <span class='ocrx_word' id='word_1_216' title='bbox 623 2776 752 2838; x_wconf 88' lang='lat' dir='ltr'><strong>bostiam</strong></span> <span class='ocrx_word' id='word_1_217' title='bbox 770 2778 835 2838; x_wconf 87' lang='lat' dir='ltr'><strong>und</strong></span> <span class='ocrx_word' id='word_1_218' title='bbox 845 2794 902 2838; x_wconf 87' lang='lat' dir='ltr'><strong>cor</strong></span> <span class='ocrx_word' id='word_1_219' title='bbox 913 2776 969 2836; x_wconf 87' lang='lat' dir='ltr'><strong>der</strong></span> <span class='ocrx_word' id='word_1_220' title='bbox 981 2773 1322 2852; x_wconf 72' lang='lat' dir='ltr'><strong>Oomecrationsiormel</strong></span> <span class='ocrx_word' id='word_1_221' title='bbox 1332 2775 1380 2837; x_wconf 87' lang='lat' dir='ltr'><strong>bei</strong></span> <span class='ocrx_word' id='word_1_222' title='bbox 1395 2776 1453 2837; x_wconf 86' lang='lat' dir='ltr'><strong>deu</strong></span> <span class='ocrx_word' id='word_1_223' title='bbox 1532 2774 1535 2781; x_wconf 84' lang='lat'>&#39;</span> 
     </span>
     <span class='ocr_line' id='line_1_24' title="bbox 145 2875 1451 2955; baseline 0.004 -17"><span class='ocrx_word' id='word_1_224' title='bbox 145 2875 284 2938; x_wconf 85' lang='lat' dir='ltr'><strong>Worten:</strong></span> <span class='ocrx_word' id='word_1_225' title='bbox 302 2878 429 2955; x_wconf 86' lang='lat' dir='ltr'><strong>accipite</strong></span> <span class='ocrx_word' id='word_1_226' title='bbox 448 2884 477 2938; x_wconf 89' lang='lat' dir='ltr'><strong>ct</strong></span> <span class='ocrx_word' id='word_1_227' title='bbox 496 2879 694 2940; x_wconf 81' lang='lat' dir='ltr'><strong>manducate:</strong></span> <span class='ocrx_word' id='word_1_228' title='bbox 713 2880 761 2940; x_wconf 84' lang='lat' dir='ltr'><strong>luia</strong></span> <span class='ocrx_word' id='word_1_229' title='bbox 780 2879 861 2941; x_wconf 66' lang='lat' dir='ltr'><strong>boat</strong></span> <span class='ocrx_word' id='word_1_230' title='bbox 880 2879 980 2940; x_wconf 73' lang='lat' dir='ltr'><strong>aldus.</strong></span> <span class='ocrx_word' id='word_1_231' title='bbox 1016 2878 1126 2940; x_wconf 84' lang='lat' dir='ltr'><strong>Dieser</strong></span> <span class='ocrx_word' id='word_1_232' title='bbox 1146 2878 1234 2938; x_wconf 85' lang='lat' dir='ltr'><strong>Ritus</strong></span> <span class='ocrx_word' id='word_1_233' title='bbox 1252 2896 1320 2938; x_wconf 83' lang='lat' dir='ltr'><strong>war</strong></span> <span class='ocrx_word' id='word_1_234' title='bbox 1337 2880 1378 2938; x_wconf 87' lang='lat' dir='ltr'><strong>im</strong></span> <span class='ocrx_word' id='word_1_235' title='bbox 1397 2878 1451 2944; x_wconf 85' lang='lat' dir='ltr'><strong>XI.</strong></span> 
     </span>
     <span class='ocr_line' id='line_1_25' title="bbox 139 2978 1455 3060; baseline 0.002 -19"><span class='ocrx_word' id='word_1_236' title='bbox 139 2979 187 3041; x_wconf 84' lang='lat' dir='ltr'><strong>bis</strong></span> <span class='ocrx_word' id='word_1_237' title='bbox 199 2997 269 3039; x_wconf 81' lang='lat' dir='ltr'><strong>aum</strong></span> <span class='ocrx_word' id='word_1_238' title='bbox 282 2978 365 3041; x_wconf 88' lang='lat' dir='ltr'><em>XIV.</em></span> <span class='ocrx_word' id='word_1_239' title='bbox 377 2979 583 3042; x_wconf 85' lang='lat' dir='ltr'><strong>Jabrbundcrt</strong></span> <span class='ocrx_word' id='word_1_240' title='bbox 595 2983 626 3043; x_wconf 89' lang='lat' dir='ltr'><strong>in</strong></span> <span class='ocrx_word' id='word_1_241' title='bbox 637 2982 845 3044; x_wconf 87' lang='lat' dir='ltr'><strong>Deutscbland</strong></span> <span class='ocrx_word' id='word_1_242' title='bbox 859 2981 927 3060; x_wconf 73' lang='lat' dir='ltr'><strong>fast</strong></span> <span class='ocrx_word' id='word_1_243' title='bbox 938 2981 1104 3060; x_wconf 73' lang='lat' dir='ltr'><strong>allpcmcim</strong></span> <span class='ocrx_word' id='word_1_244' title='bbox 1118 2980 1249 3042; x_wconf 89' lang='lat' dir='ltr'><strong>obscbon</strong></span> <span class='ocrx_word' id='word_1_245' title='bbox 1261 3000 1297 3041; x_wconf 89' lang='lat' dir='ltr'><strong>cr</strong></span> <span class='ocrx_word' id='word_1_246' title='bbox 1308 2981 1455 3043; x_wconf 79' lang='lat' dir='ltr'><strong>melermal</strong></span> 
     </span>
     <span class='ocr_line' id='line_1_26' title="bbox 140 3078 1452 3163; baseline -0.001 -20"><span class='ocrx_word' id='word_1_247' title='bbox 140 3099 200 3143; x_wconf 84' lang='lat' dir='ltr'><strong>con</strong></span> <span class='ocrx_word' id='word_1_248' title='bbox 224 3082 282 3142; x_wconf 87' lang='lat' dir='ltr'><strong>deu</strong></span> <span class='ocrx_word' id='word_1_249' title='bbox 301 3078 451 3144; x_wconf 80' lang='lat' dir='ltr'><strong>Gormiiien</strong></span> <span class='ocrx_word' id='word_1_250' title='bbox 469 3080 511 3145; x_wconf 82' lang='lat' dir='ltr'><strong>ist</strong></span> <span class='ocrx_word' id='word_1_251' title='bbox 532 3084 675 3146; x_wconf 73' lang='lat' dir='ltr'><strong>omboten</strong></span> <span class='ocrx_word' id='word_1_252' title='bbox 694 3087 825 3150; x_wconf 81' lang='lat' dir='ltr'><strong>worden</strong></span> <span class='ocrx_word' id='word_1_253' title='bbox 863 3086 920 3148; x_wconf 86' lang='lat' dir='ltr'><strong>Dic</strong></span> <span class='ocrx_word' id='word_1_254' title='bbox 938 3083 1057 3163; x_wconf 72' lang='lat' dir='ltr'><strong>sponoe</strong></span> <span class='ocrx_word' id='word_1_255' title='bbox 1076 3100 1136 3144; x_wconf 90' lang='lat' dir='ltr'><strong>oon</strong></span> <span class='ocrx_word' id='word_1_256' title='bbox 1158 3081 1244 3143; x_wconf 70' lang='lat' dir='ltr'><strong>Trium</strong></span> <span class='ocrx_word' id='word_1_257' title='bbox 1264 3078 1345 3143; x_wconf 74' lang='lat'><strong>1227</strong></span> <span class='ocrx_word' id='word_1_258' title='bbox 1364 3088 1452 3161; x_wconf 79' lang='lat' dir='ltr'><strong>sapt.-</strong></span> 
     </span>
     <span class='ocr_line' id='line_1_27' title="bbox 139 3182 1453 3264; baseline -0.001 -18"><span class='ocrx_word' id='word_1_259' title='bbox 139 3182 249 3259; x_wconf 72' lang='lat' dir='ltr'><strong>Hostia</strong></span> <span class='ocrx_word' id='word_1_260' title='bbox 267 3191 336 3247; x_wconf 84' lang='lat' dir='ltr'><strong>onte</strong></span> <span class='ocrx_word' id='word_1_261' title='bbox 354 3186 704 3254; x_wconf 66' lang='lat' dir='ltr'><strong>transubstantiationem</strong></span> <span class='ocrx_word' id='word_1_262' title='bbox 720 3188 894 3250; x_wconf 83' lang='lat' dir='ltr'><strong>uerba-non</strong></span> <span class='ocrx_word' id='word_1_263' title='bbox 912 3188 1046 3249; x_wconf 67' lang='lat' dir='ltr'><strong>emautur</strong></span> <span class='ocrx_word' id='word_1_264' title='bbox 1059 3186 1102 3247; x_wconf 85' lang='lat' dir='ltr'><strong>ad</strong></span> <span class='ocrx_word' id='word_1_265' title='bbox 1118 3186 1262 3264; x_wconf 86' lang='lat' dir='ltr'><strong>populum</strong></span> <span class='ocrx_word' id='word_1_266' title='bbox 1281 3183 1380 3260; x_wconf 85' lang='lat' dir='ltr'><strong>(Tem.</strong></span> <span class='ocrx_word' id='word_1_267' title='bbox 1393 3184 1453 3246; x_wconf 90' lang='lat' dir='ltr'><strong>Ill.</strong></span> 
     </span>
    </p>
   </div>
   <div class='ocr_carea' id='block_1_4' title="bbox 141 3285 1559 3371">
    <p class='ocr_par' dir='ltr' id='par_1_4' title="bbox 141 3285 1559 3371">
     <span class='ocr_line' id='line_1_28' title="bbox 141 3285 1559 3371; baseline 0.001 -23"><span class='ocrx_word' id='word_1_268' title='bbox 141 3285 252 3348; x_wconf 73' lang='lat' dir='ltr'><strong>Conci.</strong></span> <span class='ocrx_word' id='word_1_269' title='bbox 267 3287 366 3352; x_wconf 81' lang='lat' dir='ltr'><strong>Germ.</strong></span> <span class='ocrx_word' id='word_1_270' title='bbox 377 3305 409 3366; x_wconf 87' lang='lat' dir='ltr'><strong>p.</strong></span> <span class='ocrx_word' id='word_1_271' title='bbox 426 3285 515 3365; x_wconf 72' lang='lat'>527).</span> <span class='ocrx_word' id='word_1_272' title='bbox 544 3290 585 3352; x_wconf 87' lang='lat' dir='ltr'><strong>So</strong></span> <span class='ocrx_word' id='word_1_273' title='bbox 598 3291 678 3352; x_wconf 80' lang='lat' dir='ltr'><strong>aucit</strong></span> <span class='ocrx_word' id='word_1_274' title='bbox 691 3291 738 3352; x_wconf 84' lang='lat' dir='ltr'><strong>die</strong></span> <span class='ocrx_word' id='word_1_275' title='bbox 755 3291 874 3371; x_wconf 78' lang='lat' dir='ltr'><strong>spade</strong></span> <span class='ocrx_word' id='word_1_276' title='bbox 888 3308 947 3352; x_wconf 83' lang='lat' dir='ltr'><strong>corr</strong></span> <span class='ocrx_word' id='word_1_277' title='bbox 959 3290 1039 3351; x_wconf 83' lang='lat' dir='ltr'><strong>Kdln</strong></span> <span class='ocrx_word' id='word_1_278' title='bbox 1053 3286 1155 3352; x_wconf 64' lang='lat' dir='ltr'><strong>laste</strong></span> <span class='ocrx_word' id='word_1_279' title='bbox 1180 3288 1288 3350; x_wconf 87' lang='lat' dir='ltr'><strong>Nullus</strong></span> <span class='ocrx_word' id='word_1_280' title='bbox 1300 3287 1453 3349; x_wconf 82' lang='lat' dir='ltr'><strong>Sacerdos</strong></span> <span class='ocrx_word' id='word_1_281' title='bbox 1557 3304 1559 3308; x_wconf 90' lang='grc'><em>·</em></span> 
     </span>
    </p>
   </div>
   <div class='ocr_carea' id='block_1_5' title="bbox 77 3389 1526 4705">
    <p class='ocr_par' dir='ltr' id='par_1_5' title="bbox 77 3389 1526 4705">
     <span class='ocr_line' id='line_1_29' title="bbox 140 3389 1452 3472; baseline 0 -21"><span class='ocrx_word' id='word_1_282' title='bbox 140 3389 236 3451; x_wconf 81' lang='lat' dir='ltr'><strong>eleuet</strong></span> <span class='ocrx_word' id='word_1_283' title='bbox 260 3389 388 3452; x_wconf 85' lang='lat' dir='ltr'><strong>bostiam</strong></span> <span class='ocrx_word' id='word_1_284' title='bbox 407 3392 451 3452; x_wconf 84' lang='lat' dir='ltr'><strong>ad</strong></span> <span class='ocrx_word' id='word_1_285' title='bbox 467 3393 681 3454; x_wconf 83' lang='lat' dir='ltr'><strong>ostcvrdcndum</strong></span> <span class='ocrx_word' id='word_1_286' title='bbox 704 3394 834 3472; x_wconf 87' lang='lat' dir='ltr'><strong>populo,</strong></span> <span class='ocrx_word' id='word_1_287' title='bbox 855 3395 916 3454; x_wconf 83' lang='lat' dir='ltr'><strong>nisi</strong></span> <span class='ocrx_word' id='word_1_288' title='bbox 933 3399 1095 3470; x_wconf 80' lang='lat' dir='ltr'><strong>postquam</strong></span> <span class='ocrx_word' id='word_1_289' title='bbox 1112 3391 1225 3452; x_wconf 76' lang='lat' dir='ltr'><strong>dicerit</strong></span> <span class='ocrx_word' id='word_1_290' title='bbox 1244 3391 1320 3450; x_wconf 74' lang='lat' dir='ltr'><strong>leaeo</strong></span> <span class='ocrx_word' id='word_1_291' title='bbox 1339 3390 1452 3452; x_wconf 81' lang='lat' dir='ltr'><strong>cerba.-</strong></span> 
     </span>
     <span class='ocr_line' id='line_1_30' title="bbox 140 3472 1453 3573; baseline 0.002 -21"><span class='ocrx_word' id='word_1_292' title='bbox 140 3472 266 3552; x_wconf 62' lang='lat' dir='ltr'><strong>rieden</strong></span> <span class='ocrx_word' id='word_1_293' title='bbox 279 3493 356 3552; x_wconf 87' lang='lat' dir='ltr'><strong>enim</strong></span> <span class='ocrx_word' id='word_1_294' title='bbox 369 3491 487 3569; x_wconf 81' lang='lat' dir='ltr'><strong>Corpus</strong></span> <span class='ocrx_word' id='word_1_295' title='bbox 503 3513 617 3570; x_wconf 78' lang='lat' dir='ltr'><strong>mcum,</strong></span> <span class='ocrx_word' id='word_1_296' title='bbox 640 3503 669 3556; x_wconf 86' lang='lat' dir='ltr'><strong>ct</strong></span> <span class='ocrx_word' id='word_1_297' title='bbox 689 3497 829 3573; x_wconf 83' lang='lat' dir='ltr'><strong>puisetur</strong></span> <span class='ocrx_word' id='word_1_298' title='bbox 848 3496 921 3557; x_wconf 90' lang='lat' dir='ltr'><strong>nola</strong></span> <span class='ocrx_word' id='word_1_299' title='bbox 931 3495 1039 3554; x_wconf 73' lang='lat' dir='ltr'><strong>uriom</strong></span> <span class='ocrx_word' id='word_1_300' title='bbox 1056 3491 1166 3552; x_wconf 84' lang='lat' dir='ltr'><strong>ictibus</strong></span> <span class='ocrx_word' id='word_1_301' title='bbox 1178 3511 1219 3553; x_wconf 80' lang='lat' dir='ltr'><strong>em</strong></span> <span class='ocrx_word' id='word_1_302' title='bbox 1232 3509 1295 3552; x_wconf 88' lang='lat' dir='ltr'><strong>ana</strong></span> <span class='ocrx_word' id='word_1_303' title='bbox 1305 3500 1404 3571; x_wconf 83' lang='lat' dir='ltr'><strong>parte,</strong></span> <span class='ocrx_word' id='word_1_304' title='bbox 1419 3499 1453 3555; x_wconf 86' lang='lat' dir='ltr'><strong>ut</strong></span> 
     </span>
     <span class='ocr_line' id='line_1_31' title="bbox 138 3590 1453 3675; baseline 0.006 -25"><span class='ocrx_word' id='word_1_305' title='bbox 138 3590 253 3672; x_wconf 66' lang='lat' dir='ltr'><strong>fideles,</strong></span> <span class='ocrx_word' id='word_1_306' title='bbox 271 3593 323 3669; x_wconf 83' lang='lat' dir='ltr'><strong>qni</strong></span> <span class='ocrx_word' id='word_1_307' title='bbox 338 3593 498 3671; x_wconf 80' lang='lat' dir='ltr'><strong>audierint,</strong></span> <span class='ocrx_word' id='word_1_308' title='bbox 512 3596 680 3675; x_wconf 77' lang='lat' dir='ltr'><strong>undicunque</strong></span> <span class='ocrx_word' id='word_1_309' title='bbox 690 3597 806 3673; x_wconf 76' lang='lat' dir='ltr'><strong>fuerint</strong></span> <span class='ocrx_word' id='word_1_310' title='bbox 817 3598 940 3658; x_wconf 83' lang='lat' dir='ltr'><strong>ueniant</strong></span> <span class='ocrx_word' id='word_1_311' title='bbox 959 3603 989 3655; x_wconf 91' lang='lat' dir='ltr'><strong>et</strong></span> <span class='ocrx_word' id='word_1_312' title='bbox 1002 3595 1131 3655; x_wconf 88' lang='lat' dir='ltr'><strong>adorent</strong></span> <span class='ocrx_word' id='word_1_313' title='bbox 1143 3594 1162 3659; x_wconf 82' lang='lat' dir='ltr'><strong>i.</strong></span> <span class='ocrx_word' id='word_1_314' title='bbox 1177 3614 1203 3657; x_wconf 93' lang='lat' dir='ltr'><strong>c.</strong></span> <span class='ocrx_word' id='word_1_315' title='bbox 1217 3594 1247 3658; x_wconf 88' lang='lat' dir='ltr'><strong>d.</strong></span> <span class='ocrx_word' id='word_1_316' title='bbox 1261 3593 1332 3659; x_wconf 75' lang='lat'><strong>662.</strong></span> <span class='ocrx_word' id='word_1_317' title='bbox 1369 3598 1453 3658; x_wconf 89' lang='lat' dir='ltr'><strong>Nunc</strong></span> 
     </span>
     <span class='ocr_line' id='line_1_32' title="bbox 77 3695 1453 3778; baseline 0.001 -21"><span class='ocrx_word' id='word_1_318' title='bbox 77 3744 84 3757; x_wconf 87' lang='lat'>.</span> <span class='ocrx_word' id='word_1_319' title='bbox 142 3713 203 3757; x_wconf 91' lang='lat' dir='ltr'><strong>uno</strong></span> <span class='ocrx_word' id='word_1_320' title='bbox 218 3695 382 3774; x_wconf 87' lang='lat' dir='ltr'><strong>codemque</strong></span> <span class='ocrx_word' id='word_1_321' title='bbox 395 3697 482 3757; x_wconf 93' lang='lat' dir='ltr'><strong>modo</strong></span> <span class='ocrx_word' id='word_1_322' title='bbox 499 3697 530 3758; x_wconf 91' lang='lat' dir='ltr'><strong>lit</strong></span> <span class='ocrx_word' id='word_1_323' title='bbox 544 3698 684 3761; x_wconf 87' lang='lat' dir='ltr'><strong>clevatio.</strong></span> <span class='ocrx_word' id='word_1_324' title='bbox 720 3700 839 3762; x_wconf 83' lang='lat' dir='ltr'><strong>lllissslc</strong></span> <span class='ocrx_word' id='word_1_325' title='bbox 855 3699 1074 3760; x_wconf 77' lang='lat' dir='ltr'><strong>carmelitarum</strong></span> <span class='ocrx_word' id='word_1_326' title='bbox 1088 3708 1157 3778; x_wconf 90' lang='lat' dir='ltr'><strong>post</strong></span> <span class='ocrx_word' id='word_1_327' title='bbox 1175 3699 1370 3761; x_wconf 88' lang='lat' dir='ltr'><strong>elevationem</strong></span> <span class='ocrx_word' id='word_1_328' title='bbox 1385 3699 1453 3760; x_wconf 86' lang='lat' dir='ltr'><strong>cali·</strong></span> 
     </span>
     <span class='ocr_line' id='line_1_33' title="bbox 141 3800 1453 3880; baseline 0.002 -20"><span class='ocrx_word' id='word_1_329' title='bbox 141 3801 185 3861; x_wconf 86' lang='lat' dir='ltr'><strong>cis</strong></span> <span class='ocrx_word' id='word_1_330' title='bbox 204 3800 321 3859; x_wconf 89' lang='lat' dir='ltr'><strong>recitari</strong></span> <span class='ocrx_word' id='word_1_331' title='bbox 347 3802 493 3880; x_wconf 83' lang='lat' dir='ltr'><strong>praecipit</strong></span> <span class='ocrx_word' id='word_1_332' title='bbox 513 3801 616 3862; x_wconf 90' lang='lat' dir='ltr'><strong>diebus</strong></span> <span class='ocrx_word' id='word_1_333' title='bbox 642 3802 796 3864; x_wconf 83' lang='lat' dir='ltr'><strong>ferialibus</strong></span> <span class='ocrx_word' id='word_1_334' title='bbox 820 3801 1068 3878; x_wconf 84' lang='lat' dir='ltr'><strong>Quadragesimae</strong></span> <span class='ocrx_word' id='word_1_335' title='bbox 1094 3803 1123 3861; x_wconf 91' lang='lat' dir='ltr'><strong>in</strong></span> <span class='ocrx_word' id='word_1_336' title='bbox 1150 3802 1238 3863; x_wconf 90' lang='lat' dir='ltr'><strong>llissa</strong></span> <span class='ocrx_word' id='word_1_337' title='bbox 1265 3803 1453 3863; x_wconf 86' lang='lat' dir='ltr'><strong>conventuali</strong></span> 
     </span>
     <span class='ocr_line' id='line_1_34' title="bbox 140 3900 1455 3981; baseline 0.001 -19"><span class='ocrx_word' id='word_1_338' title='bbox 140 3901 299 3962; x_wconf 88' lang='lat' dir='ltr'><strong>l&#39;salmum:</strong></span> <span class='ocrx_word' id='word_1_339' title='bbox 324 3900 410 3962; x_wconf 89' lang='lat' dir='ltr'><strong>Deus</strong></span> <span class='ocrx_word' id='word_1_340' title='bbox 428 3909 573 3964; x_wconf 81' lang='lat' dir='ltr'><strong>venerunt</strong></span> <span class='ocrx_word' id='word_1_341' title='bbox 589 3911 692 3981; x_wconf 82' lang='lat' dir='ltr'><strong>pentes</strong></span> <span class='ocrx_word' id='word_1_342' title='bbox 719 3924 783 3966; x_wconf 90' lang='lat' dir='ltr'><strong>curn</strong></span> <span class='ocrx_word' id='word_1_343' title='bbox 810 3906 865 3966; x_wconf 90' lang='lat' dir='ltr'><strong>hac</strong></span> <span class='ocrx_word' id='word_1_344' title='bbox 883 3906 1034 3965; x_wconf 89' lang='lat' dir='ltr'><strong>oratione:</strong></span> <span class='ocrx_word' id='word_1_345' title='bbox 1061 3902 1248 3966; x_wconf 86' lang='lat' dir='ltr'><strong>Pientissimc</strong></span> <span class='ocrx_word' id='word_1_346' title='bbox 1270 3903 1374 3981; x_wconf 83' lang='lat' dir='ltr'><strong>Deus,</strong></span> <span class='ocrx_word' id='word_1_347' title='bbox 1402 3902 1455 3981; x_wconf 84' lang='lat' dir='ltr'><strong>qui</strong></span> 
     </span>
     <span class='ocr_line' id='line_1_35' title="bbox 140 4002 1454 4087; baseline 0.001 -25"><span class='ocrx_word' id='word_1_348' title='bbox 140 4002 327 4081; x_wconf 82' lang='lat' dir='ltr'><strong>iniquitatem</strong></span> <span class='ocrx_word' id='word_1_349' title='bbox 345 4005 387 4065; x_wconf 87' lang='lat' dir='ltr'><strong>ad</strong></span> <span class='ocrx_word' id='word_1_350' title='bbox 405 4011 433 4064; x_wconf 92' lang='lat' dir='ltr'><strong>te</strong></span> <span class='ocrx_word' id='word_1_351' title='bbox 452 4023 666 4068; x_wconf 82' lang='lat' dir='ltr'><strong>conversorum</strong></span> <span class='ocrx_word' id='word_1_352' title='bbox 677 4007 937 4082; x_wconf 73' lang='lat' dir='ltr'><strong>conscenderis,</strong></span> <span class='ocrx_word' id='word_1_353' title='bbox 957 4006 1014 4068; x_wconf 85' lang='lat' dir='ltr'><strong>scd</strong></span> <span class='ocrx_word' id='word_1_354' title='bbox 1032 4024 1137 4068; x_wconf 84' lang='lat' dir='ltr'><strong>eorum</strong></span> <span class='ocrx_word' id='word_1_355' title='bbox 1154 4009 1282 4087; x_wconf 81' lang='lat' dir='ltr'><strong>pemitus</strong></span> <span class='ocrx_word' id='word_1_356' title='bbox 1295 4008 1454 4068; x_wconf 87' lang='lat' dir='ltr'><strong>clementer</strong></span> 
     </span>
     <span class='ocr_line' id='line_1_36' title="bbox 125 4105 1526 4189; baseline 0.001 -22"><span class='ocrx_word' id='word_1_357' title='bbox 125 4105 289 4167; x_wconf 68' lang='lat' dir='ltr'><strong>coucam:</strong></span> <span class='ocrx_word' id='word_1_358' title='bbox 311 4108 429 4185; x_wconf 80' lang='lat' dir='ltr'><strong>respice</strong></span> <span class='ocrx_word' id='word_1_359' title='bbox 448 4108 558 4187; x_wconf 84' lang='lat' dir='ltr'><strong>templa</strong></span> <span class='ocrx_word' id='word_1_360' title='bbox 571 4116 624 4170; x_wconf 87' lang='lat' dir='ltr'><strong>tua</strong></span> <span class='ocrx_word' id='word_1_361' title='bbox 640 4109 802 4188; x_wconf 78' lang='lat' dir='ltr'><strong>infidelium</strong></span> <span class='ocrx_word' id='word_1_362' title='bbox 818 4109 956 4171; x_wconf 72' lang='lat' dir='ltr'><strong>mmdbm</strong></span> <span class='ocrx_word' id='word_1_363' title='bbox 964 4108 1133 4189; x_wconf 78' lang='lat' dir='ltr'><strong>profanata</strong></span> <span class='ocrx_word' id='word_1_364' title='bbox 1150 4117 1180 4171; x_wconf 86' lang='lat' dir='ltr'><strong>et</strong></span> <span class='ocrx_word' id='word_1_365' title='bbox 1194 4111 1239 4171; x_wconf 88' lang='lat' dir='ltr'><strong>tui</strong></span> <span class='ocrx_word' id='word_1_366' title='bbox 1251 4109 1336 4169; x_wconf 86' lang='lat' dir='ltr'><strong>electi</strong></span> <span class='ocrx_word' id='word_1_367' title='bbox 1353 4106 1453 4184; x_wconf 78' lang='lat' dir='ltr'><strong>prepis</strong></span> <span class='ocrx_word' id='word_1_368' title='bbox 1518 4154 1526 4169; x_wconf 83' lang='lat'>.</span> 
     </span>
     <span class='ocr_line' id='line_1_37' title="bbox 141 4204 1474 4301; baseline -0.001 -32"><span class='ocrx_word' id='word_1_369' title='bbox 141 4204 342 4301; x_wconf 61' lang='lat' dir='ltr'><strong>usilictionem.</strong></span> <span class='ocrx_word' id='word_1_370' title='bbox 378 4211 582 4273; x_wconf 83' lang='lat' dir='ltr'><strong>Reminisoere</strong></span> <span class='ocrx_word' id='word_1_371' title='bbox 600 4212 800 4274; x_wconf 81' lang='lat' dir='ltr'><strong>baereditatis</strong></span> <span class='ocrx_word' id='word_1_372' title='bbox 818 4221 889 4274; x_wconf 85' lang='lat' dir='ltr'><strong>tuae</strong></span> <span class='ocrx_word' id='word_1_373' title='bbox 906 4209 1052 4294; x_wconf 75' lang='lat' dir='ltr'><strong>effusione</strong></span> <span class='ocrx_word' id='word_1_374' title='bbox 1066 4211 1280 4291; x_wconf 84' lang='lat' dir='ltr'><strong>pretiosissimi</strong></span> <span class='ocrx_word' id='word_1_375' title='bbox 1297 4209 1474 4287; x_wconf 81' lang='lat' dir='ltr'><strong>sanpuinls·</strong></span> 
     </span>
     <span class='ocr_line' id='line_1_38' title="bbox 141 4309 1454 4394; baseline 0.002 -23"><span class='ocrx_word' id='word_1_376' title='bbox 141 4311 338 4390; x_wconf 79' lang='lat' dir='ltr'><strong>tuiunipeniti</strong></span> <span class='ocrx_word' id='word_1_377' title='bbox 351 4314 542 4392; x_wconf 82' lang='lat' dir='ltr'><strong>acquisitoc,·</strong></span> <span class='ocrx_word' id='word_1_378' title='bbox 561 4317 737 4394; x_wconf 78' lang='lat' dir='ltr'><strong>vincamque</strong></span> <span class='ocrx_word' id='word_1_379' title='bbox 755 4322 808 4377; x_wconf 88' lang='lat' dir='ltr'><strong>tna</strong></span> <span class='ocrx_word' id='word_1_380' title='bbox 824 4316 993 4394; x_wconf 87' lang='lat' dir='ltr'><strong>plantatam</strong></span> <span class='ocrx_word' id='word_1_381' title='bbox 1013 4316 1140 4391; x_wconf 77' lang='lat' dir='ltr'><strong>dextra,</strong></span> <span class='ocrx_word' id='word_1_382' title='bbox 1160 4330 1251 4392; x_wconf 88' lang='lat' dir='ltr'><strong>quam</strong></span> <span class='ocrx_word' id='word_1_383' title='bbox 1269 4309 1358 4388; x_wconf 74' lang='lat' dir='ltr'><strong>serus</strong></span> <span class='ocrx_word' id='word_1_384' title='bbox 1378 4331 1454 4391; x_wconf 87' lang='lat' dir='ltr'><strong>oper</strong></span> 
     </span>
     <span class='ocr_line' id='line_1_39' title="bbox 100 4416 1452 4494; baseline 0 -17"><span class='ocrx_word' id='word_1_385' title='bbox 100 4472 103 4477; x_wconf 91' lang='lat'>.</span> <span class='ocrx_word' id='word_1_386' title='bbox 141 4416 344 4477; x_wconf 72' lang='lat' dir='ltr'><strong>exterminare</strong></span> <span class='ocrx_word' id='word_1_387' title='bbox 356 4423 501 4494; x_wconf 84' lang='lat' dir='ltr'><strong>conatur,</strong></span> <span class='ocrx_word' id='word_1_388' title='bbox 521 4416 677 4494; x_wconf 79' lang='lat' dir='ltr'><strong>ferventer</strong></span> <span class='ocrx_word' id='word_1_389' title='bbox 689 4419 799 4479; x_wconf 66' lang='lat' dir='ltr'><strong>ouda:</strong></span> <span class='ocrx_word' id='word_1_390' title='bbox 823 4436 863 4480; x_wconf 91' lang='lat' dir='ltr'><strong>ac</strong></span> <span class='ocrx_word' id='word_1_391' title='bbox 879 4419 961 4480; x_wconf 85' lang='lat' dir='ltr'><strong>iliius</strong></span> <span class='ocrx_word' id='word_1_392' title='bbox 978 4419 1110 4480; x_wconf 85' lang='lat' dir='ltr'><strong>cultores</strong></span> <span class='ocrx_word' id='word_1_393' title='bbox 1131 4416 1281 4477; x_wconf 84' lang='lat' dir='ltr'><strong>aduersus</strong></span> <span class='ocrx_word' id='word_1_394' title='bbox 1293 4417 1452 4477; x_wconf 82' lang='lat' dir='ltr'><strong>deuastan-</strong></span> 
     </span>
     <span class='ocr_line' id='line_1_40' title="bbox 142 4510 1455 4601; baseline 0.005 -27"><span class='ocrx_word' id='word_1_395' title='bbox 142 4515 217 4576; x_wconf 84' lang='lat' dir='ltr'><strong>tium</strong></span> <span class='ocrx_word' id='word_1_396' title='bbox 231 4510 347 4580; x_wconf 86' lang='lat' dir='ltr'><strong>rndicm</strong></span> <span class='ocrx_word' id='word_1_397' title='bbox 368 4525 421 4582; x_wconf 88' lang='lat' dir='ltr'><strong>tua</strong></span> <span class='ocrx_word' id='word_1_398' title='bbox 441 4521 552 4582; x_wconf 82' lang='lat' dir='ltr'><strong>uirtute</strong></span> <span class='ocrx_word' id='word_1_399' title='bbox 568 4521 752 4599; x_wconf 80' lang='lat' dir='ltr'><strong>comodere,</strong></span> <span class='ocrx_word' id='word_1_400' title='bbox 775 4521 1020 4601; x_wconf 70' lang='lat' dir='ltr'><strong>uictoreseffioe,</strong></span> <span class='ocrx_word' id='word_1_401' title='bbox 1041 4522 1074 4581; x_wconf 91' lang='lat' dir='ltr'><strong>in</strong></span> <span class='ocrx_word' id='word_1_402' title='bbox 1087 4536 1182 4597; x_wconf 83' lang='lat' dir='ltr'><strong>eoque</strong></span> <span class='ocrx_word' id='word_1_403' title='bbox 1201 4518 1275 4584; x_wconf 84' lang='lat' dir='ltr'><strong>benc</strong></span> <span class='ocrx_word' id='word_1_404' title='bbox 1293 4527 1455 4598; x_wconf 74' lang='lat' dir='ltr'><strong>operositas</strong></span> 
     </span>
     <span class='ocr_line' id='line_1_41' title="bbox 144 4603 1454 4705; baseline 0.005 -27"><span class='ocrx_word' id='word_1_405' title='bbox 144 4620 191 4678; x_wconf 85' lang='lat' dir='ltr'><strong>tui</strong></span> <span class='ocrx_word' id='word_1_406' title='bbox 199 4616 254 4695; x_wconf 73' lang='lat' dir='ltr'><strong>sac</strong></span> <span class='ocrx_word' id='word_1_407' title='bbox 265 4603 352 4699; x_wconf 65' lang='lat' dir='ltr'><strong>requi</strong></span> <span class='ocrx_word' id='word_1_408' title='bbox 361 4639 568 4705; x_wconf 76' lang='lat' dir='ltr'><strong>possessores.</strong></span> <span class='ocrx_word' id='word_1_409' title='bbox 590 4623 793 4688; x_wconf 86' lang='lat' dir='ltr'><strong>Perteundern.</strong></span> <span class='ocrx_word' id='word_1_410' title='bbox 816 4625 929 4689; x_wconf 86' lang='lat' dir='ltr'><strong>Diebus</strong></span> <span class='ocrx_word' id='word_1_411' title='bbox 942 4642 1016 4687; x_wconf 84' lang='lat' dir='ltr'><strong>vcro</strong></span> <span class='ocrx_word' id='word_1_412' title='bbox 1023 4622 1187 4687; x_wconf 84' lang='lat' dir='ltr'><strong>Dominicis</strong></span> <span class='ocrx_word' id='word_1_413' title='bbox 1203 4631 1234 4685; x_wconf 83' lang='lat' dir='ltr'><strong>et</strong></span> <span class='ocrx_word' id='word_1_414' title='bbox 1248 4623 1334 4684; x_wconf 86' lang='lat' dir='ltr'><strong>lentis</strong></span> <span class='ocrx_word' id='word_1_415' title='bbox 1348 4622 1454 4685; x_wconf 81' lang='lat' dir='ltr'><strong>endem</strong></span> 
     </span>
    </p>
   </div>
   <div class='ocr_carea' id='block_1_6' title="bbox 0 0 1611 5176">
    <p class='ocr_par' dir='ltr' id='par_1_6' title="bbox 0 0 1611 5176">
     <span class='ocr_line' id='line_1_42' title="bbox 0 0 1611 5176; baseline 0 0"><span class='ocrx_word' id='word_1_416' title='bbox 0 0 1611 5176; x_wconf 95' lang='lat' dir='ltr'><strong> </strong></span> 
     </span>
    </p>
   </div>
  </div>
 </body>
</html>
