3202 5176
751 345 825 425 431

242 529 394 605 Oremns
447 530 542 602 Deus
575 538 793 603 aeternorum
822 527 992 604 bonorum
1021 527 1217 637 fidelissime
1242 531 1444 627 promissor,

139 634 327 706 certissime
355 633 570 728 persolutor,
598 634 655 726 qni
679 634 916 706 vestimentum
936 604 1057 709 salutis
1080 643 1114 706 et
1135 631 1364 705 indumentum
1386 656 1444 706 ae-

139 745 257 807 ternae
275 736 489 810 iucunditatis
506 736 573 810 tuis
592 731 748 808 fidelibus
767 739 964 833 promisisti,
986 737 1199 809 clementiam
1212 745 1303 807 tuam
1318 736 1446 832 suppli-

139 839 225 910 citer
251 860 448 928 exoramus,
468 848 506 910 ut
530 837 616 909 baec
635 837 841 928 indumenta,
859 838 1080 912 humilitatem
1103 838 1217 927 cordis
1240 848 1274 909 et
1295 849 1448 911 contem-

138 948 209 1011 tum
226 942 343 1013 mnndi
363 939 599 1036 significantia,
621 939 746 1036 quibus⁴
760 939 908 1014 famulae
928 952 1007 1014 tuae
1027 952 1146 1018 sancto
1167 940 1348 1015 visibiliter
1371 951 1452 1023 sunt

139 1042 374 1117 informandae
399 1045 597 1141 proposito,
621 1044 786 1140 propitius
812 1042 1053 1141 benef-dieas,
1077 1054 1115 1117 nt
1140 1042 1262 1127 beatae
1285 1045 1449 1119 castitatis

140 1143 307 1237 habitum,
352 1169 470 1243 quem,
505 1155 539 1218 te
565 1146 750 1242 inspirante
777 1149 984 1244 suscipiunt,
1012 1159 1047 1221 te
1074 1156 1298 1268 protegente,
1335 1157 1448 1221 custo-

142 1247 244 1339 diant,
271 1260 305 1322 et
327 1264 411 1346 quas
436 1247 656 1322 venerandae
677 1247 845 1347 vestibus,
867 1252 1103 1346 promissionis
1122 1248 1234 1324 induis
1253 1249 1449 1348 temporali·

139 1361 211 1465 ter,
233 1301 337 1424 beata
363 1352 470 1426 facias
495 1342 749 1423 immortalitate
778 1355 907 1427 vestiri
960 1352 1027 1426 Per
1052 1354 1194 1426 Dom..

243 1487 396 1561 Oramus.
449 1488 596 1559 Domine
618 1485 713 1559 Deus
739 1485 906 1559 bonarum
932 1492 1093 1562 virtutum
1118 1486 1218 1561 dator
1244 1497 1278 1561 ot
1300 1488 1450 1559 omnium

139 1588 414 1663 benedictionum
440 1586 729 1683 largusiniusor,
755 1598 789 1661 te
812 1579 948 1671 obnixis
969 1591 1129 1686 precibus
1149 1588 1387 1686 deprecamur,
1413 1597 1452 1660 ut

141 1691 202 1765 bas
229 1703 347 1766 vestes
373 1689 507 1782 bene†
524 1691 641 1762 dicere
668 1700 703 1763 et
728 1691 984 1784 sancti†iicare
1011 1691 1164 1785 digneris
1191 1713 1276 1786 quas
1301 1690 1452 1762 famulae

140 1802 220 1867 tuae
240 1817 303 1890 pro
324 1794 449 1868 indicio
472 1791 737 1886 cognoscendae
756 1794 934 1889 religionis
956 1795 1099 1867 induere
1120 1815 1160 1869 se
1183 1792 1317 1883 volunt,
1342 1802 1381 1864 ut
1401 1795 1452 1864 in-

140 1904 194 1967 ter
219 1896 370 1992 reliquas
396 1896 540 1970 feminas
562 1895 622 1968 tibi
648 1908 902 2003 cognoscantur
928 1897 1068 1970 dicatae.
1120 1895 1188 1969 Per
1209 1891 1388 1970 Christum.

243 2015 398 2091 Oremus
438 2015 574 2088 Exaudi
596 2018 808 2112 omnipotens
830 2018 926 2091 Deus
945 2039 1071 2115 preces
1093 2026 1229 2091 nostras
1252 2024 1287 2087 et
1307 2014 1368 2090 bas
1390 2036 1452 2087 ve-

142 2082 212 2191 stes
234 2141 318 2214 quas
340 2119 488 2205 famulae
507 2128 586 2192 tuae
601 2119 644 2190 ad
658 2141 696 2192 se
710 2121 802 2216 ipsas
816 2121 1032 2216 operiendas
1038 2127 1243 2217 exposcunt,
1259 2115 1454 2189 uberrimae

141 2218 389 2297 benedictionis
411 2222 518 2294 imbre
538 2221 717 2317 perfunde,
744 2225 833 2297 siout
854 2223 1033 2318 perfudisti
1055 2244 1150 2297 oram
1171 2223 1454 2294 vestimentorum

142 2323 263 2395 Aaron
284 2322 523 2413 benedictione
545 2327 721 2444 unguenti,
743 2323 944 2420 profluentis
967 2349 987 2397 a
1008 2326 1172 2423 capitem
1192 2321 1333 2395 barbam
1354 2332 1388 2393 et
1408 2324 1454 2395 si-

143 2435 200 2497 cut
221 2409 425 2501 benedixisti
445 2436 562 2500 vestes
586 2429 734 2497 omnium
753 2426 996 2520 religiosorum
1014 2428 1074 2501 tibi
1095 2448 1158 2521 per
1181 2426 1293 2497 omnia
1315 2423 1454 2518 placen-

141 2531 237 2617 tium,
264 2531 310 2600 ita
338 2551 396 2602 eas
422 2520 674 2624 bene†dicere
701 2537 735 2600 et
760 2525 1018 2622 saneti†ficare
1045 2529 1212 2622 digneris,
1238 2549 1279 2599 ao
1303 2537 1455 2622 praesta,

144 2631 406 2705 clementissime
428 2642 542 2728 pater,
568 2642 604 2703 ut
630 2630 832 2726 supradictis
857 2629 1048 2707 famulabus
1073 2634 1141 2705 tuis
1164 2632 1230 2704 sint
1251 2631 1316 2701 hae
1336 2639 1455 2702 vestes

143 2734 262 2808 salutis
280 2737 463 2831 protectio,
481 2733 544 2806 bae
560 2735 710 2829 cognitio
728 2733 920 2826 religionis,
940 2735 1005 2807 bae
1022 2737 1151 2806 initium
1170 2735 1371 2822 sanctitatis,
1389 2731 1456 2803 bae

144 2847 263 2908 contra
292 2839 403 2931 omnia
430 2836 499 2909 tela
527 2839 652 2908 inimici
678 2834 818 2909 robusta
839 2836 1013 2928 defensio,
1042 2847 1079 2909 nt
1105 2837 1285 2909 centesimi
1305 2836 1457 2929 muneris

144 2940 336 3038 opulentia,
361 2951 609 3038 perseverante
636 2940 856 3030 continentia,
883 2940 1039 3014 ditentur.
1093 2938 1160 3011 Per
1184 2936 1261 3011 Chr.

245 3067 281 3128 nt
301 3076 400 3129 vestes
421 3087 496 3150 aqua
518 3069 672 3133 benedicta
687 3069 837 3150 aspergit,
860 3088 936 3153 quae
949 3076 1105 3152 portantur
1118 3067 1283 3147 virginibus
1297 3066 1334 3128 ad
1347 3066 1456 3144 locnm,

145 3166 180 3227 ad
196 3185 282 3247 quem
298 3167 456 3247 divertunt,
473 3170 533 3247 nbi,
548 3170 674 3232 dimissis
690 3171 867 3252 quotidianis
883 3174 1026 3251 vestibus,
1041 3170 1164 3233 induunt
1175 3169 1356 3231 benedictas.
1380 3167 1457 3229 Pon·

97 3274 101 3287 ’
145 3269 221 3331 tifex
234 3279 329 3331 autem
343 3279 442 3363 stans,
459 3280 592 3352 utsupra
606 3271 754 3333 benedicit
769 3271 836 3333 vela
850 3275 1016 3354 virginum,
1037 3275 1153 3335 diceus:

249 3379 402 3454 Oremns.
444 3378 651 3478 Suppliciter
672 3390 720 3471 te,
743 3381 902 3472 Domine,
928 3406 1105 3476 rogamus,
1127 3393 1164 3454 ut
1186 3401 1291 3476 snper
1313 3377 1374 3452 bas
1395 3400 1456 3451 ve·
1482 3378 1489 3387 “

145 3492 216 3557 stes
236 3483 435 3555 ancillarum
454 3493 588 3556 tnarnm
609 3483 774 3580 capitibus
795 3487 1032 3582 imponendas,
1058 3481 1298 3577 bene†diotio
1320 3489 1378 3552 tna
1396 3478 1469 3551 be-.

144 3589 248 3679 nigna
270 3585 467 3678 descendat,
489 3596 523 3659 et
544 3589 609 3661 sint
630 3587 695 3659 bae
713 3597 830 3682 vestes
847 3588 1063 3680 benedictae,
1084 3594 1319 3675 consecratae,
1341 3586 1456 3655 imma-

146 3689 279 3760 culatae
302 3699 335 3761 et
355 3700 503 3763 sanotae.
553 3689 621 3762 Per
644 3686 722 3762 Cbr.

247 3808 402 3881 Oramus.
458 3808 566 3906 Caput
592 3812 741 3882 omnium
767 3809 938 3901 fidelium,
964 3810 1080 3898 Deus,
1108 3821 1142 3883 et
1169 3813 1272 3886 totins
1299 3808 1457 3902 eorporis

146 3913 311 4001 salvator,
333 3913 419 3983 haec
441 3915 651 4008 operimenta
677 3914 896 4002 velaminum,
924 3934 1012 4008 quac
1037 3912 1185 3986 famulae
1210 3925 1289 3987 tuae
1314 3919 1457 4004 propter

146 4026 239 4087 tunm
265 4025 413 4110 tuaeque
436 4019 610 4108 genitricis
636 4016 853 4090 beatissimae
881 4014 1032 4109 Virginis
1053 4014 1183 4090 Mariae
1210 4033 1362 4087 amorem
1384 4011 1456 4084 suis

148 4118 311 4214 capitibus
332 4127 410 4192 snnt
430 4120 663 4214 impositurae,
686 4120 830 4192 dextera
848 4129 906 4191 tua
930 4119 1202 4215 sancti†iicare,
1226 4127 1260 4189 et
1279 4114 1348 4186 boo
1362 4110 1455 4207 quod

148 4221 288 4315 perillo
316 4223 459 4316 mystice
480 4222 578 4294 datur
598 4223 764 4317 intelligi,
787 4232 843 4294 tna
864 4244 999 4318 semper
1022 4223 1176 4298 custodia
1198 4237 1344 4314 corpore
1366 4217 1454 4313 pari·

149 4332 202 4393 ter
222 4327 332 4397 animo
353 4327 635 4414 incontaminato,
656 4324 869 4415 custodiant,
888 4334 924 4398 nt
947 4327 1082 4420 quando
1102 4323 1144 4395 ad
1161 4329 1360 4417 perpetuam
1378 4341 1454 4394 san·

150 4434 281 4496 ctorum
299 4431 607 4501 remunerationem
627 4431 798 4519 venerint,
819 4451 895 4501 oum
913 4426 1135 4524 prudentibus
1154 4434 1188 4496 et
1205 4426 1301 4520 ipsae
1316 4423 1456 4514 virgini-

148 4527 213 4601 bus
238 4541 474 4625 praeparatae,
498 4542 533 4603 te
546 4530 783 4626 perducente,
804 4532 855 4607 ad.
874 4535 1104 4630 sempiternae
1128 4526 1299 4603 felicitatis
1321 4527 1455 4622 nuptias

150 4631 291 4705 introire
311 4643 512 4709 mereantur.
560 4631 626 4721 Qui
648 4636 748 4712 vivis.
775 4694 779 4701 .
808 4700 812 4709 .
867 4676 871 4687 ·
