3202 5176
729 374 732 387 '
828 364 904 433 344

211 577 277 649 que
301 551 517 623 obliviscaris
537 550 573 618 in
592 545 705 637 linem,
727 549 788 622 sed
807 549 926 622 iuheas
949 570 1025 619 eam
1048 571 1067 617 a
1088 549 1213 621 sanctis
1231 548 1382 641 Angelis
1401 550 1529 641 suscipi

211 668 245 727 et
268 655 310 725 ad
330 654 471 749 patriam
497 649 647 746 paradisi
669 650 831 745 perduci:
860 661 897 721 ut
920 654 997 745 quia
1016 654 1050 720 in
1075 662 1110 722 te
1133 654 1297 746 speravit
1314 660 1348 721 ot
1369 649 1528 738 credidit,

210 781 280 830 non
311 776 443 853 poenas
472 752 596 823 inferni
629 755 793 825 sustineat
821 753 883 827 sed
908 753 1041 846 ‘gaudia
1064 764 1203 824 aeterna
1226 753 1412 850 possideat.
1464 753 1530 823 Per

160 934 161 937 ,
212 857 381 936 Christum
404 857 586 927 Dominum
606 865 768 928 nostrum.
812 855 935 927 Amen.
1009 927 1011 931 .

141 966 148 978 '⁴
313 971 344 1030 Si
360 963 517 1031 defunctus
529 968 618 1027 luerit
635 967 784 1028 Sacerdos
798 969 827 1028 in
843 968 985 1029 Oratione
999 967 1112 1027 dicator
1129 979 1193 1052 pro
1215 961 1326 1028 anima
1343 957 1466 1027 famuli
1483 957 1528 1027 toi

211 1063 410 1140 Sacerdotis
434 1084 534 1156 quam
556 1060 658 1132 hodie
682 1070 745 1131 etc.

313 1174 409 1236 Finita
424 1175 567 1235 Oratione
587 1190 695 1253 corpus
716 1170 851 1233 defertur
870 1172 904 1232 ad
920 1172 1098 1252 sepulcrum,
1114 1173 1138 1232 si
1153 1181 1223 1232 tunc
1237 1173 1431 1233 deferendum
1447 1173 1485 1230 sit
1502 1181 1529 1230 et

134 1351 137 1359 ¹
212 1281 278 1341 dum
292 1286 428 1357 portatur
442 1274 550 1337 Clerici
565 1284 682 1335 cautant
697 1274 909 1354 autiphonam:
930 1264 970 1334 ln
991 1265 1189 1337 Paradisum
1212 1264 1383 1335 deducant
1401 1273 1438 1334 te
1460 1263 1528 1333 An-

213 1372 302 1465 geli:
330 1373 365 1440 in
390 1381 449 1441 tuo
474 1368 624 1439 adventu
645 1370 830 1462 suscipiant
850 1377 885 1437 te
908 1367 1080 1462 Martyres
1104 1377 1138 1436 et
1160 1370 1350 1463 perducant
1373 1377 1409 1437 te
1429 1370 1465 1436 in
1486 1370 1529 1435 ci-

212 1478 352 1545 vitatem
373 1481 524 1544 sanctam
541 1468 738 1543 Ierusalem.
773 1467 909 1542 Chorus
926 1469 1146 1561 Angelorum
1163 1480 1199 1542 te
1216 1473 1380 1566 suscipiat
1401 1479 1437 1540 et
1457 1489 1529 1538 cum

212 1578 344 1648 Lazaro
373 1573 543 1669 quondam
562 1593 715 1668 paupere
732 1582 910 1647 waeternam
932 1571 1060 1646 habeas
1079 1575 1242 1666 requiem.

316 1685 388 1748 Cum
409 1677 504 1746 autem
526 1687 699 1764 pervenerit
713 1685 747 1745 ad
762 1684 950 1764 sepulcrum,
972 1686 997 1744 si
1016 1695 1136 1745 nonest
1154 1685 1360 1759 benedictum,
1383 1681 1529 1743 Sacerdos

215 1790 285 1850 illud
307 1788 474 1865 benedicit,
496 1788 598 1848 dicens
617 1788 693 1847 hano
709 1788 896 1848 Orationem:
921 1776 1018 1850 Deus
1037 1781 1133 1850 cuius
1157 1781 1378 1852 miseratione
1400 1777 1528 1845 animae

213 1883 362 1953 fidelium
379 1884 612 1975 requiescunt,
637 1880 727 1950 hunc
747 1881 912 1951 tumulum
930 1879 1139 1950 benedicere
1157 1881 1313 1973 dignare,
1341 1882 1446 1973 eique
1462 1877 1528 1949 An-

214 1986 330 2077 gelum
350 1994 442 2053 tuum
467 1993 623 2058 sanctum
642 1982 765 2077 deputa
787 1982 978 2071 custodem,
1001 1991 1035 2053 et
1057 1979 1200 2077 quorum
1222 2003 1438 2077 quarumque
1458 2003 1530 2052 cor-

213 2108 299 2181 pora
322 2084 377 2154 hic
400 2084 630 2179 sepeliantur,
658 2088 787 2158 animas
814 2106 933 2155 eorum
961 2083 1002 2157 ah
1031 2086 1187 2158 omnihus
1210 2084 1357 2158 absolve
1385 2083 1530 2155 vinculis

216 2186 437 2274 delictorum,
466 2195 502 2255 ut
530 2188 565 2253 in
592 2195 627 2254 te
648 2208 784 2281 semper
812 2209 888 2257 cum
911 2185 1047 2259 Sanctis
1068 2191 1134 2261 tuis
1158 2192 1242 2262 sine'
1257 2187 1324 2258 fine
1351 2187 1529 2257 laetentur.

214 2289 283 2360 Per
304 2286 474 2360 Christum
497 2287 680 2358 Dominum
703 2298 867 2360 nostrum.
912 2285 1077 2386 Amen—¹)

317 2400 402 2460 Dicta
415 2399 558 2460 Oratione
575 2398 723 2459 Sacerdos
739 2417 814 2479 aqua
830 2400 986 2462 benedicta
1003 2401 1172 2482 adspergat,
1190 2400 1296 2462 deindo
1311 2404 1454 2463 incenset
1472 2417 1530 2460 cor·

216 2521 271 2582 pus
286 2502 416 2564 defuncti
431 2511 460 2561 et
476 2501 625 2561 tumulum.

320 2604 405 2679 Quod
427 2605 453 2664 si
473 2603 580 2683 corpus
601 2613 671 2664 tuno
686 2604 722 2663 ad
740 2604 920 2684 sepulturam
936 2611 995 2666 non
1010 2605 1176 2683 deleratur,
1201 2608 1311 2666 omisso
1326 2605 1533 2685 Responsorio

112 2761 128 2772 .
215 2696 254 2768 ln
275 2697 476 2770 Paradisum
498 2707 560 2767 etc.
583 2714 613 2766 et
633 2706 845 2768 benedictione
864 2707 993 2786 sepulcri
1015 2717 1213 2788 prosequatur
1233 2709 1370 2769 Ollicium
1395 2717 1426 2768 ut
1446 2706 1533 2767 inira:

110 2809 113 2813 ’
216 2809 296 2888 quod
311 2828 456 2889 nunquam
471 2811 616 2869 omittitur
633 2818 662 2868 et
676 2810 792 2869 intonet
807 2795 1016 2889 Antiphonem.
1056 2799 1135 2892 Ego
1162 2823 1237 2873 sum
1262 2804 1478 2875 resurrectio
1500 2809 1533 2869 ot

216 2905 300 2988 vita,
328 2904 385 2993 qui
412 2901 519 2971 credit
546 2904 580 2970 in
607 2923 671 2987 me,
687 2906 786 2972 etiam
808 2904 838 2974 si
859 2912 1013 2976 mortuus
1034 2902 1137 2974 luerit
1159 2906 1255 2974 vivet
1282 2914 1316 2974 et
1344 2907 1457 2976 omnis
1479 2902 1534 2996 qui

216 3005 303 3074 vivit
330 3012 364 3072 et
386 3001 494 3073 credit
514 3006 549 3072 in
576 3012 630 3072 me
651 3024 721 3072 non
741 3006 906 3075 morietur
927 3008 961 3074 in
981 3015 1166 3077 aeternum.
1206 3015 1243 3076 lla
1262 3014 1370 3077 dicitnr
1384 3013 1534 3076 Canticum

216 3104 455 3177 Benedictus..
480 3113 518 3173 Et
536 3116 681 3193 ropetitur
700 3115 869 3194 Antiphone
888 3105 967 3200 Ego
987 3118 1062 3182 sum
1082 3118 1145 3179 elo.
1211 3122 1214 3165 ἶ
1320 3158 1323 3163 ‹

319 3217 428 3276 Postea
443 3217 588 3277 Sacerdos
604 3216 674 3277 dicit
693 3207 801 3302 Kyrie
824 3208 968 3283 eleison.
991 3208 1126 3283 Christe
1149 3210 1296 3298 eleison,
1318 3209 1430 3307 llyrie
1450 3211 1536 3281 el'e‘r‘-

218 3330 291 3382 son.
335 3307 437 3379 Pater
464 3318 583 3382 noster
604 3329 660 3380 etc.
683 3322 798 3381 interim
823 3339 933 3401 corpus
953 3325 1097 3403 aspergit.
1143 3316 1185 3386 V.
1212 3311 1257 3383 Et
1277 3335 1322 3383 ne
1343 3334 1407 3386 nos
1435 3311 1536 3382 indu-

219 3432 278 3481 cas
294 3414 338 3499 iu
364 3414 586 3483 tentationem
611 3422 675 3483 etc.
698 3424 735 3484 ut
757 3437 788 3508 p.
814 3418 898 3488 341.

321 3511 477 3586 Oramus.
527 3514 598 3585 Fac
622 3526 828 3611 quaesumus
851 3516 998 3588 Domine
1020 3517 1107 3589 hano
1131 3541 1207 3588 cum
1230 3539 1334 3590 servo
1355 3527 1416 3589 tuo
1434 3519 1535 3590 mise-

193 3691 194 3695 ,
217 3615 473 3706 ricordiam,'ut
494 3617 664 3688 factorum
687 3632 838 3691 suorum·
854 3622 889 3690 in
914 3623 1035 3714 poenis
1049 3642 1132 3693 non
1153 3624 1297 3716 recipiat
1317 3623 1451 3708 vicem,
1481 3622 1534 3713 qui

217 3727 308 3788 tuam
329 3719 365 3786 in
385 3721 478 3793 votis
500 3723 607 3790 tenuit
625 3721 858 3792 voluntatem:
882 3732 918 3792 ut
938 3719 1027 3795 sicut
1041 3723 1101 3814 hic
1120 3747 1197 3795 eum
1216 3745 1300 3794 vera
1320 3722 1406 3796 fides
1428 3724 1534 3792 iunxit

217 3818 368 3890 fidelium
394 3823 525 3909 turmis,
549 3825 594 3892 ita
614 3822 684 3893 illic
711 3846 802 3917 eum¹
815 3835 872 3896 tua
893 3827 1067 3898 miseratio
1090 3829 1199 3900 societ
1220 3825 1387 3920 angelicis
1411 3824 1533 3896 choris.

217 3921 286 3995 Per
310 3919 480 3994 Christum
506 3922 689 3997 Dominum
711 3937 874 3999 nostrum.
904 3927 1040 4000 Amen.
1051 3925 1085 4027 2)

266 4046 267 4051 ’
319 4005 366 4111 ld.
395 4023 563 4116 llcquiem
587 4037 761 4100 aeternam
784 4028 873 4101 dona
896 4033 928 4100 ei
948 4029 1104 4104 Domine.
1150 4037 1193 4124 lla
1224 4029 1268 4102 Et
1288 4030 1536 4126 lux'perpetua

219 4128 342 4198 luceat.
358 4130 409 4198 ‘ei
452 4109 500 4215 ld.
527 4128 735 4226 Requiescat
761 4135 796 4202 in
816 4154 912 4228 pace.
946 4137 989 4223 ll.
1011 4135 1133 4206 Amen.
1169 4133 1294 4205 Anima
1317 4134 1393 4206 eius
1413 4143 1448 4204 et
1470 4133 1537 4202 ani-

283 4314 312 4389 l)
328 4317 427 4374 Similis
444 4318 565 4375 Collaota
581 4320 608 4374 in
623 4320 698 4376 Sacr.
716 4321 815 4378 Gelasii
833 4332 861 4379 et
877 4322 1014 4395 Gregorii.
1044 4323 1135 4380 Deus
1149 4304 1196 4364 -⁴
1209 4321 1471 4392 requiescunt,
1495 4322 1538 4377 la

217 4399 322 4496 mulis
344 4403 415 4458 tuis
438 4403 498 4458 vel
519 4404 800 4462 omnibushioin
816 4408 963 4464 Christo
979 4396 1273 4480 quiescentibus,
1294 4407 1334 4462 da
1350 4409 1540 4482 propitiae

218 4500 356 4626 ppppppr
378 4495 628 4558 peccatorum,
651 4498 685 4545 ut
709 4505 724 4545 a
747 4492 890 4550 cunctis
908 4492 1073 4548 reatibus
1092 4493 1251 4548 absoluti
1272 4492 1348 4549 sine
1369 4495 1447 4550 line
1470 4495 1537 4550 lae-

277 4649 399 4748 ηδιον.
416 4655 499 4726 (trag.
515 4658 577 4718 vat.
595 4656 694 4716 onos.
710 4652 820 4747 serap
835 4656 1093 4719 tao'delunoto.
1116 4661 1216 4721 aaut.
1232 4670 1267 4721 et
1281 4664 1366 4738 qaia
1381 4624 1453 4722 hio.

225 4908 247 4951 0
