3202 5176
584 1248 855 1340 CAPUT
899 1250 955 1340 Π.

240 1504 307 1575 Dc
340 1504 672 1578 Sucromeuto
705 1507 1146 1600 Confirmatiouie‘.

656 1729 863 1740 .----

114 1917 145 1994 1.
179 1921 305 1994 ORDO
330 1920 725 1996 GONEIRMATIONIS
752 1921 781 1992 E
810 1918 1215 2043 SAGEAMENTARIO
1236 1915 1431 1993 GELASII.

214 2085 330 2146 Deinde
354 2084 389 2145 ab
417 2083 568 2165 Episcopo
601 2086 685 2147 datur
711 2087 754 2146 eis
782 2086 904 2168 spiritus
925 2070 1153 2166 sepcitomisl).
1189 2081 1236 2143 Ad
1256 2082 1433 2160 consignan-

114 2164 225 2275 dupr2i
244 2172 369 2268 imponit
389 2188 432 2247 eis
459 2173 613 2265 manum3)
634 2189 663 2249 in
687 2189 731 2249 hie
756 2189 875 2250 verbis:
906 2176 1134 2275 'Omnipotens
1162 2176 1265 2248 Pater
1291 2174 1432 2246 Domini

118 2349 325 2364 Ἢ

200 2430 348 2501 Aptissime
377 2431 525 2486 cohaerent
557 2433 641 2487 verba
667 2450 727 2487 cum
752 2433 853 2490 Ordine
884 2431 1013 2505 Baptismi
1039 2447 1120 2503 supra
1147 2447 1164 2486 e
1192 2430 1264 2487 libro
1291 2425 1436 2485 Gelasimo

116 2514 255 2585 exscripto
281 2532 307 2587 p.
335 2514 394 2570 179.
437 2516 496 2571 dios
520 2515 591 2571 euim
617 2523 692 2586 erat,
718 2524 747 2573 ut
775 2518 917 2592 baptizatis
942 2517 1034 2574 statim
1061 2514 1237 2572 Confirmatio
1268 2513 1434 2580 traderetur,

40 2586 45 2600 '
114 2599 138 2654 si
168 2598 320 2672 Episcopus
355 2615 485 2671 praesens
516 2608 597 2658 esset.
647 2601 794 2660 Crescente
821 2593 939 2659 fidetium
967 2600 1152 2671 multitudine,
1182 2616 1242 2656 cum
1275 2597 1435 2672 saepissime

20 2706 25 2713 ·
99 2684 227 2740 ‚absente
257 2685 388 2757 episcopo
418 2685 550 2757 baptisma
582 2686 782 2758 perficeretur,
811 2694 875 2744 tunc
905 2687 1109 2759 prorogabatur
1139 2683 1316 2743 Confirmatio
1348 2697 1434 2755 usque

99 2767 177 2824 -dum
190 2767 344 2840 Episcopus
355 2768 462 2825 visendi
476 2770 628 2840 baptizatos
639 2771 753 2827 traheret
765 2772 1004 2844 opportunitatem.
1039 2772 1136 2828 'iameu
1152 2769 1198 2827 diu
1213 2769 1281 2825 illud
1298 2768 1432 2825 sollemne

116 2852 292 2922 servabatur,
308 2860 337 2907 ut
354 2852 491 2924 Episcopo
508 2854 662 2926 baptizante
678 2856 840 2927 Baptismum
857 2858 948 2914 statim
967 2861 1128 2929 sequeretur
1149 2852 1337 2911 Confirmatio.
1379 2851 1435 2907 iia-

117 2936 195 2992 nuale
219 2937 415 2992 Perochiaiium
437 2938 615 2993 sacerdotum
634 2939 697 2994 anui
714 2942 783 2995 1522
821 2943 891 2998 haec
912 2947 1019 2998 monet:
1047 2938 1177 2996 V‘erum
1202 2945 1320 2996 temen
1346 2951 1434 3009 quoe

35 3024 40 3033 “
116 3020 290 3094 Episcopi
316 3021 498 3093 baptizant
528 3024 648 3080 statim
678 3026 907 3083 couiirmant.
961 3027 1190 3097 Quapropter
1219 3023 1260 3080 de
1288 3021 1344 3079 iaie
1369 3021 1435 3076 ium

21 3177 23 3181 7
117 3105 251 3162 adultis
274 3123 371 3178 quum
393 3104 468 3161 siut
498 3108 707 3164 confirmati
732 3127 799 3167 nou
825 3110 996 3168 convenit
1022 3108 1205 3172 dubitare.
1250 3109 1340 3164 Porro
1363 3105 1433 3161 liber

5 3213 9 3224 ¹
117 3190 228 3246 Heuriei
254 3190 287 3246 dc
319 3189 416 3246 Gravia
438 3192 506 3246 haec
531 3191 746 3250 iubetzaedunc
768 3194 1087 3253 vestiaturinians
1119 3192 1200 3250 etsi
1228 3192 1433 3265 Episcopus

80 3271 85 3277 '
119 3274 224 3330 adest
240 3275 365 3331 statim
384 3275 599 3333 confirmari
618 3285 775 3351 oportet.
818 3280 862 3336 Ad
880 3280 984 3352 apicem
1001 3276 1323 3336 concordationtiiicaic
1337 3275 1431 3332 Bison-

118 3359 191 3414 tinae
207 3359 341 3416 eeclesiae
359 3359 431 3433 apud
445 3361 565 3419 Marteoe
582 3361 618 3418 de
632 3371 687 3419 ant.
700 3381 757 3420 ecc.
771 3365 839 3422 disc.
856 3382 882 3438 p.
900 3364 961 3420 440.
992 3364 1070 3421 Alios
1087 3363 1174 3419 libros
1193 3369 1324 3418 tacemus.
1355 3359 1433 3415 Falsa

117 3443 212 3515 igitur,
227 3462 295 3516 quae
310 3447 417 3518 proiert
428 3446 599 3504 Binterimius
612 3449 726 3505 Denkw.
738 3451 759 3506 l.
773 3453 798 3504 1.
811 3467 837 3522 p.
849 3449 916 3504 216:
929 3449 967 3505 Es
981 3449 1088 3504 scheint
1101 3448 1153 3504 mir
1167 3446 1231 3504 sehr
1247 3443 1432 3504 wahrschcin·

119 3528 189 3598 iich‚
210 3529 273 3586 dass
291 3547 345 3586 von
364 3529 415 3586 den
434 3540 525 3589 ersten
537 3533 631 3589 Zeiten
646 3550 679 3589 au
694 3533 739 3590 die
755 3534 903 3590 deutschen
918 3534 1047 3591 Bischiife
1059 3533 1135 3590 dicee
1149 3531 1249 3589 beiden
1262 3532 1433 3589 Sacramenta

119 3613 173 3669 den
183 3614 302 3670 Kiudern
315 3615 387 3674 nicht
397 3633 549 3673 zusammen
564 3618 672 3674 ertheiit
683 3619 780 3675 haben.
1419 3680 1422 3684 ,

182 3697 212 3775 2)
232 3699 387 3770 consign
397 3717 457 3758 are
473 3709 514 3758 εει
529 3719 584 3758 vox
594 3703 706 3777 propria
722 3704 800 3774 hujus
815 3701 983 3761 sacramenti
1002 3701 1074 3773 apud
1088 3701 1223 3774 antiquos.
1260 3696 1431 3755 Innocentius

119 3799 163 3855 ep.
179 3783 199 3839 l.
213 3783 247 3839 ad
261 3786 373 3844 Decepi.
387 3783 412 3856 §.
424 3785 450 3839 3.
479 3789 518 3842 De
537 3788 730 3858 consignandis
747 3787 892 3845 infantibus
912 3787 1083 3844 manifestum
1097 3795 1139 3843 est
1157 3801 1213 3842 non
1227 3784 1262 3841 ab
1281 3783 1339 3840 aiio
1358 3797 1430 3856 quan

100 3902 101 3907 κ
118 3868 256 3941 Episcopo
269 3870 329 3925 fieri
343 3869 437 3926 licere.
823 3886 825 3890 ’

181 3950 212 4030 3)
230 3953 272 4009 Ex
283 3954 372 4020 multis
383 3955 553 4027 antiquorum
563 3963 669 4027 patrum
679 3956 749 4013 locis
761 3974 827 4012 uuus
839 3955 956 4012 sufficiat
965 3954 1151 4027 CyprianiEp.
1163 3953 1205 4010 72.
1223 3951 1311 4021 Quiin
1319 3949 1431 4008 ecclesie

117 4038 288 4111 baptizantur
305 4039 470 4113 praepositis
487 4039 621 4096 ecclesiae
639 4041 788 4115 offeruntur
806 4048 836 4096 ut
856 4057 905 4113 per
920 4047 1041 4096 nostram
1057 4039 1209 4095 orationem
1223 4054 1256 4094 ac
1274 4053 1369 4093 manus
1387 4035 1431 4091 in-

118 4124 283 4195 positionem
306 4125 433 4198 Spiritum
454 4125 579 4181 Sanctum
605 4134 805 4199 consequantur
828 4132 855 4182 et
882 4126 1025 4196 signaculo
1048 4123 1185 4180 dominico
1208 4128 1432 4179 consummentur.

117 4206 168 4281 Ep.
181 4209 224 4264 73.
247 4211 318 4266 Tunc
331 4211 401 4267 enim
412 4211 517 4280 demum
529 4211 609 4283 plene
621 4212 785 4268 sanctificari
797 4217 824 4266 ει
835 4227 897 4268 εεεε
909 4209 957 4265 filii
968 4210 1017 4266 Dei
1033 4215 1148 4282 possunt
1161 4204 1184 4265 si
1198 4209 1436 4289 Sacramenta

47 4343 54 4369 s
119 4292 872 4374 utroque(Baptismoetcouiirmatione)nascautur.
903 4291 1297 4362 Rabanusdeinstit.cter.1‚
1315 4291 1366 4348 30:
1445 4293 1451 4307 ‘

66 4442 72 4452 Β
117 4375 371 4444 vissimeasummo,
383 4381 533 4438 Sacerdote
551 4398 601 4453 per
618 4381 819 4453 impositionem
832 4397 925 4436 manus
936 4377 1094 4436 Paracletus
1106 4378 1222 4435 traditur
1232 4375 1389 4449 baptizato,
1421 4376 1424 4381 '

118 4462 266 4518 roboretur
283 4480 332 4536 per
350 4466 477 4538 Spiritum
495 4467 621 4522 Sanctum
641 4466 684 4536 ad*
696 4464 906 4539 praedicandum
929 4465 989 4520 aliis
1011 4463 1083 4520 idem
1105 4464 1220 4533 donum,
1243 4461 1317 4535 quod
1335 4458 1435 4533 ipsein

116 4545 278 4618 baptismate
294 4558 457 4608 consecutus
470 4559 528 4622 est,
545 4568 595 4624 per
607 4551 723 4622 gratiam
735 4551 807 4607 vitae
819 4549 935 4608 donatus
947 4558 1084 4607 aeternae.
1095 4547 1253 4609 -d’raeclare
1266 4544 1390 4603 Isidorus
1404 4542 1434 4596 de
