3202 5176
815 336 889 406 154

196 524 322 583 Sacris
360 521 552 581 solemniis
591 521 715 581 iuncta
752 523 827 581 sint
920 517 1056 577 Salutis
1077 515 1421 595 humnnnesator³)

526 603 712 684 gaudin¹),
962 605 1024 661 lesu
1035 603 1306 677 voluptnscordium

239 691 273 748 Et
286 706 321 748 ex
331 689 500 764 praecordiis
511 698 609 747 sonent
622 692 783 765 praeconia:
965 687 1046 746 Orbis
1061 688 1195 761 redempti
1205 687 1351 749 conditor

239 776 376 833 decedant
390 782 493 845 vetera,
507 791 577 831 nors
590 776 644 833 sint
656 776 755 847 omnis,
963 772 997 829 Et
1008 779 1083 831 ceste
1096 774 1144 830 lux
1154 772 1302 830 amantium
1317 782 1377 834 etc.
1469 800 1476 813 ·

240 861 338 931 Cordo,
352 867 476 919 rccuset
491 876 576 932 opera
593 868 647 921 etc.

200 980 350 1037 Verbum
370 996 560 1050 supernum
577 974 799 1053 prodiens2),
922 977 1078 1033 deterne
1098 976 1168 1032 ilex
1184 974 1434 1055 ultissime⁴),

238 1066 293 1122 Nec
304 1064 391 1136 patris
403 1064 527 1136 linquens
540 1063 681 1122 dexterum
964 1062 1111 1118 liedenrtor
1123 1067 1152 1118 et
1163 1061 1296 1131 ddelium‚

238 1150 282 1206 lld
295 1165 364 1221 opus
375 1166 452 1205 suum
463 1149 561 1205 exiens
966 1147 1015 1205 cut
1031 1162 1106 1203 mors
1117 1154 1239 1218 peremta
1253 1145 1360 1205 detulit

239 1233 321 1291 Venit
332 1233 367 1289 ad
378 1233 449 1289 vitae
461 1250 604 1307 vesperam
615 1241 668 1291 etc.
965 1232 1087 1290 Summae
1099 1231 1260 1307 triumphum
1274 1231 1399 1304 glories
1414 1241 1469 1295 etc.

300 1348 350 1420 Tc
377 1348 490 1421 Deum
512 1351 698 1423 laudamus.

299 1451 517 1524 Benedictus.

300 1552 504 1646 Magnificet.

249 1701 370 1760 Peracta
396 1700 594 1760 Processione
623 1708 652 1759 ct
673 1699 858 1760 sanctissimo
882 1698 1072 1758 Sacramento
1100 1697 1136 1757 ad
1165 1694 1334 1759 Ecclesium
1367 1709 1515 1779 reportato

198 1813 227 1864 et
248 1820 337 1881 super
359 1801 450 1861 altare
471 1801 626 1880 deposito,
650 1819 752 1863 omnes
777 1781 997 1878 Ecclesiastici,
1020 1802 1070 1881 qui
1091 1799 1203 1877 adsint,
1224 1798 1297 1861 hinc
1319 1800 1398 1862 inde
1421 1802 1514 1863 ordine

198 1903 348 1982 genuflexi
364 1903 436 1964 illud
451 1914 624 1964 reverenter
638 1904 806 1981 adorantes,
825 1904 892 1967 dnm
906 1902 1054 1967 Sacerdos
1074 1903 1110 1964 de
1126 1920 1209 1963 more
1224 1903 1381 1980 incensat,
1399 1923 1513 1984 sequen-

197 2014 256 2067 tem
269 2006 368 2083 hymni
384 2014 496 2083 partem
510 2008 682 2067 concinant:

240 2133 350 2188 Tantum
364 2147 434 2202 ergo
446 2133 646 2190 Sacramentum
658 2118 661 2122 Δ
923 2132 1055 2204 Genitori,
1072 2131 1222 2204 (lenitoque

184 2288 188 2293 Ι
283 2215 451 2272 Veneremur
465 2217 574 2272 cernui:
965 2221 1032 2275 laus
1044 2225 1072 2273 et
1085 2217 1218 2286 iubilatio,

282 2300 316 2355 Et
331 2300 465 2372 antiquum
480 2301 669 2359 documentum
964 2303 1052 2373 Solus,
1063 2303 1162 2372 honor,
1178 2302 1263 2357 virtue
1275 2316 1398 2375 quoque

283 2385 361 2441 Novo
374 2385 454 2441 cedat
466 2386 545 2442 ritui:
951 2388 1004 2445 ,Sit
1016 2395 1044 2443 et
1056 2386 1223 2456 benedictio,
1298 2430 1306 2444 .

282 2471 404 2526 Praestet
416 2471 484 2528 fides
496 2472 710 2545 supplementum
965 2471 1126 2527 Procedenti
1141 2473 1174 2527 ab
1187 2479 1306 2542 utroque

282 2555 555 2613 sensuumdefectui.
965 2556 1082 2631 Compar
1093 2558 1129 2614 sit
1139 2555 1268 2615 laudatio.
1296 2555 1402 2612 Arnen.

246 2681 354 2744 Postea
368 2681 424 2743 duo
444 2682 679 2745 Clericidicant:

298 2776 426 2846 Panem
449 2777 491 2846 de
515 2778 616 2847 coelo
639 2778 837 2870 praestitisti
862 2779 925 2864 eis,
945 2775 1107 2849 Alleluia.
1161 2779 1203 2866 Pp.
1232 2774 1346 2847 Omne
1367 2775 1507 2851 delecta-

196 2885 344 2946 mentum
371 2879 406 2945 in
432 2899 470 2947 se
493 2877 683 2948 habentem.
736 2879 898 2951 Alleluia.

247 2986 364 3046 Deinde
379 2987 524 3048 Sacerdos
539 2997 618 3048 stans
634 2988 719 3054 dicit:

298 3080 464 3152 Dominus
491 3081 679 3154 vobiscum.
732 3086 775 3175 lp.
803 3081 847 3153 Et
870 3105 947 3154 cum
969 3085 1088 3179 spiritu
1114 3091 1183 3153 tuo.

529 3182 698 3257 Oremus:

297 3285 393 3356 Deus
422 3287 478 3378 qui
500 3286 599 3360 nobis
626 3286 688 3359 sut
712 3283 935 3358 sacramento
963 3288 1107 3358 mirabili
1133 3290 1304 3382 passionis
1330 3293 1419 3355 tuae
1446 3306 1508 3354 me

194 3389 337 3457 moriam
361 3387 546 3481 reliquisti.
569 3388 679 3460 tribue
702 3410 928 3511 quaesumus,
949 3393 1073 3462 itanos
1091 3385 1254 3487 Corporis
1275 3398 1309 3460 et
1323 3384 1508 3481 Sanguinis

192 3489 241 3558 tui
267 3511 365 3561 sacra
385 3494 549 3584 mysteria
572 3495 747 3580 venerari,
770 3500 807 3564 ut
830 3491 1052 3565 redemtionis
1075 3501 1153 3562 tune
1177 3491 1365 3563 fructum
1355 3512 1394 3560 ιιι
1415 3488 1508 3560 nobis

193 3586 317 3681 iugiter
344 3596 536 3667 sentiamus.
593 3592 659 3679 Qui
684 3598 775 3669 vivis
806 3605 839 3667 et
871 3618 998 3687 regnas
1024 3613 1092 3691 per
1126 3597 1237 3667 omnia
1263 3592 1414 3668 saecula
1441 3613 1509 3666 soe-

194 3693 360 3765 culorum
415 3700 456 3784 lp
484 3696 607 3767 Amen.

244 3802 326 3864 Tunc
340 3806 496 3884 Sacerdos,
512 3809 588 3870 facta
603 3808 828 3886 genuflexione,
843 3827 907 3868 curu
922 3810 1113 3869 sacramento
1129 3807 1221 3868 semel
1241 3806 1406 3869 benedicat
1423 3824 1510 3888 popu·

193 3904 295 3966 lumin
311 3910 426 3969 modum
443 3907 555 3989 Crucis,
572 3911 642 3972 nihil
658 3912 771 3989 dicens,
788 3921 893 3990 postea
906 3911 979 3970 illud
992 3920 1169 3971 reverenter
1182 3917 1317 3989 reponat
1343 3910 1404 3972 llic
1419 3919 1512 3972 auten

190 4008 293 4070 modus
307 4011 502 4074 benedicendi
517 4024 652 4076 servatur
667 4017 753 4076 ctiam
767 4017 797 4076 in
812 4015 876 4076 aliis
888 4014 1132 4077 Processionibus
1148 4011 1290 4074 iaciendis
1306 4031 1378 4074 cum
1393 4013 1513 4076 sanctis·

190 4113 265 4174 simo
284 4114 487 4176 Sacramentc.

240 4213 335 4292 (Haec
358 4216 446 4278 habet
467 4218 583 4279 Rituale
598 4219 761 4278 Romanum
776 4217 857 4280 Pauli
873 4218 907 4279 V.
923 4221 1004 4280 iussu
1024 4218 1135 4280 editum
1156 4217 1194 4279 de
1208 4215 1452 4282 sollemnissime
1471 4217 1516 4280 illa

190 4313 397 4381 Processione.
437 4321 475 4381 dt
500 4338 573 4382 vero
596 4339 661 4381 cum
684 4322 855 4399 praesertim
885 4325 915 4383 in
943 4323 998 4383 lrac
1016 4331 1117 4383 nostra
1138 4318 1294 4382 Germania
1315 4322 1432 4385 maiori
1458 4340 1518 4384 cun

202 4457 398 4471 Μ

189 4608 273 4691 μὴ
267 4531 303 4669 d)
320 4530 474 4672 lTlrescalrgzus
486 4533 650 4603 llrmaclog.
659 4532 678 4589 1
672 4549 714 4606 ..p
708 4533 783 4592 usn.
861 4528 931 4661 2)ι
910 4532 1013 4590 ibidem
1024 4533 1083 4607 lp
1097 4531 1158 4590 ast.
1228 4460 1538 4612 3)1hidemtp.ttt.'

265 4630 274 4668 ι
357 4631 385 4686 p.
823 4662 829 4674 .
