3202 5176
841 241 866 310 8

188 438 291 502 Felice
305 435 369 516 111,
393 437 553 499 inclinante
571 436 607 499 ad
623 437 710 498 finem
723 440 843 500 saeculo
861 432 974 519 quinto,
993 437 1225 500 consarcinatum
1240 455 1308 499 esse
1330 437 1366 498 ab
1387 436 1508 498 homine

189 541 328 623 quodam,
344 541 404 620 qui,
426 558 621 621 quascumque
642 541 806 620 reperisset
822 543 980 605 Orationes
995 551 1026 603 et
1043 540 1247 602 Praelatioues
1264 540 1301 603 ab
1319 541 1385 621 ipso
1406 539 1509 601 Leone

191 645 315 724 eiusque
329 642 611 723 praedecessoribus
627 644 789 721 coniectas,
805 646 834 705 iu
849 664 937 706 uuum
952 644 1085 705 codicem
1099 645 1235 720 coegerit
1257 652 1287 704 et
1309 641 1427 721 quidem
1442 645 1509 704 sine

190 747 351 826 exquisito,
362 765 448 826 quem
456 747 500 806 rei
508 747 638 822 gravitas
646 747 838 827 exposcebat,
847 748 961 809 ordine.
974 747 1028 809 Est
1037 735 1514 823 igiturBlanchiuiicodexuetus-'

190 850 321 910 tissimus
336 849 463 908 omnium
477 848 525 928 qui
540 846 738 924 habentur*):
753 851 847 911 minus
863 860 958 912 tamen
966 849 1002 911 ad
1012 858 1132 919 nostros
1140 849 1356 928 ususpertinet,
1371 850 1509 927 quoniam

190 950 297 1013 desunt
310 936 503 1027 grauissimae
521 959 639 1030 partes,
656 951 735 1013 Ordo
752 961 781 1013 et
796 951 896 1014 Ganou
916 952 1034 1015 llissae.
1061 947 1257 1010 Biatemmice
1277 946 1509 1029 (Deniwirdip

189 1051 286 1114 beiters
301 1057 356 1112 etc.
370 1052 432 1131 lV.,
450 1049 480 1113 3.
494 1071 524 1133 p.
540 1047 606 1132 17.)
621 1055 656 1114 iis
670 1071 705 1113 se
718 1053 860 1134 adiungit,
876 1056 926 1137 qui
947 1073 1008 1116 uon
1021 1053 1155 1114 dubitant
1173 1054 1243 1134 quin
1258 1051 1314 1113 bac
1327 1053 1432 1114 lacuna
1453 1071 1507 1119 ex·

189 1155 272 1237 pleta
296 1151 399 1219 Ganon
422 1154 454 1215 S.
467 1154 576 1217 Leonis
592 1157 739 1234 genuinus
750 1159 945 1220 inventussit.
966 1156 1071 1218 Exstat
1089 1156 1167 1216 enim
1184 1156 1214 1215 iu
1225 1151 1336 1216 Godice
1350 1154 1510 1218 Vaticanae

189 1257 396 1318 Bibliothecae
411 1267 481 1337 post
499 1258 648 1320 homiliam
663 1259 694 1320 S.
716 1259 824 1321 Leonis
848 1260 996 1322 Praelatio
1018 1268 1049 1320 et
1068 1254 1170 1329 Ganon
1189 1256 1315 1336 llissae,
1340 1276 1427 1339 quem
1453 1277 1511 1321 uua

188 1378 258 1423 cum
276 1360 397 1421 homilia
410 1359 520 1421 Leonis
543 1379 611 1423 esse
631 1379 687 1442 pro
710 1372 792 1423 certo
809 1362 910 1425 hahuit
932 1358 1126 1439 Caeduntur,
1146 1360 1223 1421 haud
1246 1360 1367 1439 sobrio,
1390 1361 1511 1440 opinor,

190 1480 261 1525 usus
275 1462 395 1524 iudicio.
433 1461 532 1524 Verba
546 1461 670 1543 diesque
686 1469 809 1525 costros
825 1465 857 1525 irs
875 1482 955 1545 pace
975 1470 1029 1527 tua
1049 1463 1211 1542 damonae,
1240 1481 1316 1543 quae
1333 1461 1512 1540 Gregorium

192 1561 305 1627 Gauoni
320 1566 465 1626 adiecisse
478 1569 641 1647 scriptores
656 1586 714 1629 uuo
734 1587 788 1629 ore
806 1567 933 1646 tradunt,
948 1568 1087 1645 liturgiae
1105 1568 1215 1651 inserta
1232 1565 1332 1627 vides:
1359 1565 1418 1628 alio
1442 1566 1513 1628 loco

190 1676 436 1729 commemoratur
451 1669 546 1730 oratio
560 1668 706 1750 quaedam
721 1668 752 1729 S.
768 1668 906 1749 Gregorii
920 1667 979 1746 **).
1004 1669 1141 1749 Denique
1165 1669 1232 1750 quis
1247 1677 1293 1729 est
1315 1669 1365 1749 qui
1385 1668 1512 1747 nesciat,

190 1787 275 1851 quam
289 1768 398 1830 leviter
412 1778 502 1850 atque
522 1771 691 1832 inconsulte
716 1771 828 1832 librarii
847 1772 1033 1834 diversorum
1056 1772 1187 1832 virorum
1207 1770 1348 1853 opuscula
1365 1772 1514 1835 interdum

189 1873 287 1953 spatio
302 1870 453 1952 explendo
468 1872 586 1951 iuteuti,
605 1875 844 1936 commiscuerint
857 1884 948 1956 atque
960 1875 1144 1936 disieceriut.

292 2041 360 2103 Tria
375 2061 450 2122 quae
465 2038 699 2106 enumeravimus
715 2044 959 2122 Sacramentaria,
976 2043 1160 2107 Gelasiauum
1175 2041 1335 2122 Thomasii,
1349 2041 1514 2105 Leoninum

188 2143 354 2208 Blanchinii
369 2164 404 2205 ac
422 2144 647 2225 Gregorianum,
668 2146 841 2227 complexus
857 2155 903 2208 est
921 2137 1110 2208 liuralorr'as
1132 2147 1162 2206 in
1181 2132 1294 2226 optimo
1313 2145 1391 2208 libro
1413 2145 1450 2206 de
1465 2146 1513 2208 Li·

189 2249 287 2324 turgia
301 2245 443 2325 Romana,
460 2250 581 2327 praevia
599 2232 716 2329 prolixa
736 2259 767 2310 et
786 2249 983 2318 eruditissima
1013 2248 1050 2310 de
1075 2248 1175 2311 Rebus
1194 2248 1351 2333 liturgicis
1373 2248 1513 2309 disserta-

187 2351 290 2428 tione,
309 2349 404 2410 allixis
425 2349 537 2412 blissali
553 2350 679 2413 Gothico
703 2361 733 2412 et
747 2351 898 2426 Gallicano
912 2352 1264 2432 vetustisqueOrdinibus
1278 2350 1419 2412 Romanis
1434 2350 1512 2428 ***).

187 2450 221 2512 ln
237 2461 320 2512 textu
336 2451 522 2530 Gregoriano
537 2455 745 2516 constituendo
766 2457 903 2532 geminos
926 2456 956 2515 in
973 2455 1114 2515 auxilium
1137 2456 1257 2515 vocavit
1278 2454 1398 2515 codices
1420 2455 1514 2514 mirae

120 2606 126 2631 ,
187 2556 388 2634 antiquitatis,
410 2573 427 2615 a
446 2555 638 2634 Blanchinio,
659 2556 811 2618 indefesso
832 2555 1006 2617 eruditionis
1028 2558 1251 2619 ecclesiasticae
1270 2564 1430 2632 senatore,
1453 2556 1513 2617 sibi

164 2657 403 2736 'suppeditatos
439 2657 525 2717 dlter
538 2656 707 2741 Vaticanus,
722 2658 826 2719 saltem
839 2661 961 2720 ineunte
974 2660 1095 2737 saeculo
1110 2676 1190 2720 nono
1210 2665 1358 2733 exaratus,
1372 2657 1402 2716 in
1416 2655 1513 2717 liura-

185 2761 255 2820 torii
270 2759 347 2819 libro
363 2760 442 2839 typis
455 2759 587 2847 redditus
601 2770 659 2838 est,
677 2761 791 2822 adiecta
805 2763 951 2842 scriptura
965 2760 1086 2822 alterius
1102 2745 1216 2822 codicis
1236 2757 1312 2819 haud
1332 2760 1513 2820 recentioris

106 2912 109 2917 ,
185 2860 340 2921 Vaticano.
363 2860 418 2920 llic
433 2860 502 2920 olim
515 2863 545 2921 in
562 2860 654 2924 Gallia
668 2864 814 2942 spectavit
827 2865 864 2926 ad
883 2863 1004 2924 Paulum
1019 2863 1190 2940 l‘etavium,
1215 2859 1412 2932 Parisiensem
1425 2879 1514 2922 sena-

187 2972 300 3033 torem;
319 2971 378 3022 tum
392 2963 428 3022 ad
443 2960 618 3025 christinam
633 2965 758 3026 Sueciae
771 2968 905 3043 reginam
918 2965 1072 3045 pervenit;
1087 2963 1215 3044 denique
1228 2964 1258 3024 in
1276 2963 1513 3031 Othobonianam

186 3064 396 3127 bibliothecam
410 3064 519 3128 illatus.
540 3065 662 3129 htvero
678 3069 821 3129 inneutro
837 3067 940 3130 codice
954 3067 1113 3128 exhibetur
1126 3066 1514 3147 purumSacramentarium,

171 3166 275 3249 quale
298 3167 468 3237 emauibus
489 3167 629 3247 Gregorii
657 3169 778 3251 prodiit.
813 3169 936 3250 Aliquot
961 3168 1155 3229 additamenta
1182 3169 1391 3248 festivitatum,
1421 3168 1512 3230 colle-

187 3254 300 3331 ctarum
316 3268 443 3332 subinde
461 3270 498 3332 ad
512 3271 751 3353 illudutrobique
760 3281 828 3333 sunt
838 3273 927 3351 lacta,
936 3271 965 3332 id
974 3270 1182 3354 quodvidesin
1192 3271 1327 3333 omnibus
1336 3271 1512 3350 Gregoriaui

186 3372 411 3435 Sacramentarii
441 3372 593 3436 codicibus
619 3376 775 3453 evenisse,
800 3384 890 3456 prout
915 3373 1085 3456 postulabat
1108 3374 1310 3436 ecclesiastica
1330 3375 1512 3453 singularum

186 3543 395 3558 -ῄ-

270 3650 298 3723 *)
320 3655 489 3710 Vezcosiusin
505 3655 677 3710 Praefatione
685 3655 718 3710 ad
729 3655 777 3711 Vl.
791 3663 888 3710 tomum
898 3658 972 3728 Opp.
983 3656 1124 3711 Thomasii
1134 3661 1212 3727 putat
1222 3657 1264 3710 rei
1274 3651 1421 3709 adhucnoa
1432 3654 1513 3725 plene

186 3740 353 3795 causiacum
369 3740 462 3798 finisse.
496 3743 640 3795 Gerhertua
658 3743 720 3795 Vct.
739 3741 795 3796 Lib.
811 3743 853 3795 Al.
873 3742 897 3797 I.
921 3760 950 3813 p.
967 3739 1013 3797 80.
1035 3744 1156 3797 Tantam
1176 3759 1241 3795 aero
1262 3740 1350 3811 cheat,
1376 3747 1420 3807 at,
1443 3742 1515 3806 qaod

187 3828 371 3895 antiquitatem
398 3827 454 3879 eius
472 3826 601 3896 liturgiae
629 3826 733 3894 attinet,
755 3828 942 3895 Blanchiaiae,
969 3828 1010 3881 cir
1036 3827 1155 3895 alioquin
1181 3825 1393 3892 modestissimus,
1418 3842 1513 3878 conce-

187 3913 304 3965 dendum
325 3911 426 3978 aliquid
446 3918 523 3964 ratus
547 3911 594 3975 sit,
623 3917 654 3962 at
678 3929 750 3964 anno
777 3911 846 3966 1763
870 3914 956 3965 adhuc
977 3911 1006 3964 in
1027 3911 1090 3963 vicie
1107 3912 1210 3965 Rornae
1231 3910 1294 3963 midi
1312 3908 1512 3982 significaverit,

185 3996 234 4048 ridi
257 3997 312 4049 iana
334 4014 393 4049 eam
415 3997 444 4056 S.
471 3995 597 4048 Silvestro
620 3996 651 4048 P.
676 3997 810 4049 vindicare
838 3997 1004 4066 propositam
1031 4013 1095 4051 esse.

270 4142 319 4215 **)
338 4145 494 4200 cacciarius
506 4146 609 4216 quidem
627 4163 737 4216 prorsus
749 4146 827 4197 aliam
836 4161 945 4216 eamque
957 4146 1047 4198 miram
1054 4145 1137 4197 affert
1144 4140 1304 4212 opinionem:
1317 4142 1459 4196 Adiectum
1470 4150 1514 4197 est

185 4233 232 4284 uni
247 4233 378 4286 collectae
393 4249 487 4286 nomeu
504 4232 643 4301 Gregorii,
655 4232 773 4301 reliquae
789 4238 854 4282 sunt
870 4228 987 4284 elaeone
1005 4232 1154 4300 profectae.
1166 4229 1240 4298 opp.
1257 4227 1357 4282 Leonis
1368 4229 1391 4281 Ι.
1409 4247 1438 4298 p.
1451 4226 1513 4283 196.

187 4317 243 4371 Sed
250 4318 313 4370 talia
326 4326 482 4388 argumenta
492 4319 581 4372 futilia
593 4324 621 4370 et
632 4317 744 4370 ridicula
753 4316 823 4369 haud
839 4315 969 4368 immerito
979 4315 1135 4390 iudicamus.

270 4444 336 4518 ***)
362 4453 491 4523 Sequitur
518 4450 697 4506 Muratorium
717 4450 746 4502 in
773 4448 997 4505 Sacramentariis
1026 4447 1186 4504 exhibendis
1208 4444 1377 4502 Bibliotheca
1400 4449 1511 4501 Petrum

188 4534 299 4590 Veneta.
