<?xml version="1.0" encoding="UTF-8"?>
<!DOCTYPE html PUBLIC "-//W3C//DTD XHTML 1.0 Transitional//EN"
    "http://www.w3.org/TR/xhtml1/DTD/xhtml1-transitional.dtd">
<html xmlns="http://www.w3.org/1999/xhtml" xml:lang="en" lang="en">
 <head>
  <title>
</title>
<meta http-equiv="Content-Type" content="text/html;charset=utf-8" />
  <meta name='ocr-system' content='tesseract 3.04.00' />
  <meta name='ocr-capabilities' content='ocr_page ocr_carea ocr_par ocr_line ocrx_word'/>
</head>
<body>
  <div class='ocr_page' id='page_1' title='image "./codexliturgicus02danigoog_0229.png"; bbox 0 0 3202 5176; ppageno 0'>
   <div class='ocr_carea' id='block_1_1' title="bbox 758 301 832 371">
    <p class='ocr_par' dir='ltr' id='par_1_1' title="bbox 758 301 832 371">
     <span class='ocr_line' id='line_1_1' title="bbox 758 301 832 371; baseline -0.027 0"><span class='ocrx_word' id='word_1_1' title='bbox 758 301 832 371; x_wconf 84' lang='lat'>198</span> 
     </span>
    </p>
   </div>
   <div class='ocr_carea' id='block_1_2' title="bbox 66 491 1490 1704">
    <p class='ocr_par' dir='ltr' id='par_1_2' title="bbox 136 491 1490 785">
     <span class='ocr_line' id='line_1_2' title="bbox 240 491 1459 580; baseline -0.001 -23"><span class='ocrx_word' id='word_1_2' title='bbox 240 494 356 557; x_wconf 79' lang='lat' dir='ltr'>Deinde</span> <span class='ocrx_word' id='word_1_3' title='bbox 371 495 530 576; x_wconf 82' lang='lat' dir='ltr'>porrigens</span> <span class='ocrx_word' id='word_1_4' title='bbox 546 491 582 553; x_wconf 93' lang='lat' dir='ltr'>ad</span> <span class='ocrx_word' id='word_1_5' title='bbox 595 504 709 553; x_wconf 89' lang='lat' dir='ltr'>manum</span> <span class='ocrx_word' id='word_1_6' title='bbox 722 493 1031 580; x_wconf 80' lang='lat' dir='ltr'>mulierisextremam</span> <span class='ocrx_word' id='word_1_7' title='bbox 1047 502 1160 573; x_wconf 88' lang='lat' dir='ltr'>partem</span> <span class='ocrx_word' id='word_1_8' title='bbox 1174 494 1271 557; x_wconf 82' lang='lat' dir='ltr'>stolae</span> <span class='ocrx_word' id='word_1_9' title='bbox 1286 511 1350 555; x_wconf 86' lang='lat' dir='ltr'>eam</span> <span class='ocrx_word' id='word_1_10' title='bbox 1364 495 1459 558; x_wconf 90' lang='lat' dir='ltr'>iutro·</span> 
     </span>
     <span class='ocr_line' id='line_1_3' title="bbox 138 584 1490 681; baseline 0 -20"><span class='ocrx_word' id='word_1_11' title='bbox 138 600 218 662; x_wconf 83' lang='lat' dir='ltr'>ducit</span> <span class='ocrx_word' id='word_1_12' title='bbox 240 600 269 660; x_wconf 86' lang='lat' dir='ltr'>in</span> <span class='ocrx_word' id='word_1_13' title='bbox 293 597 448 658; x_wconf 82' lang='lat' dir='ltr'>ecclesiam</span> <span class='ocrx_word' id='word_1_14' title='bbox 468 594 585 656; x_wconf 85' lang='lat' dir='ltr'>dicens:</span> <span class='ocrx_word' id='word_1_15' title='bbox 612 584 802 679; x_wconf 84' lang='lat' dir='ltr'>Ingredere</span> <span class='ocrx_word' id='word_1_16' title='bbox 831 590 867 658; x_wconf 95' lang='lat' dir='ltr'>in</span> <span class='ocrx_word' id='word_1_17' title='bbox 891 587 1054 681; x_wconf 91' lang='lat' dir='ltr'>templum</span> <span class='ocrx_word' id='word_1_18' title='bbox 1081 586 1165 670; x_wconf 71' lang='lat' dir='ltr'>Dei,</span> <span class='ocrx_word' id='word_1_19' title='bbox 1198 588 1304 660; x_wconf 87' lang='lat' dir='ltr'>adora</span> <span class='ocrx_word' id='word_1_20' title='bbox 1322 587 1460 680; x_wconf 41' lang='lat' dir='ltr'>‚Filium</span> <span class='ocrx_word' id='word_1_21' title='bbox 1484 631 1490 645; x_wconf 91' lang='lat'><strong>·</strong></span> 
     </span>
     <span class='ocr_line' id='line_1_4' title="bbox 136 683 1332 785; baseline -0.008 -16"><span class='ocrx_word' id='word_1_22' title='bbox 136 693 258 769; x_wconf 85' lang='lat' dir='ltr'>beatae</span> <span class='ocrx_word' id='word_1_23' title='bbox 284 688 414 761; x_wconf 87' lang='lat' dir='ltr'>Mariae</span> <span class='ocrx_word' id='word_1_24' title='bbox 443 686 617 781; x_wconf 73' lang='lat' dir='ltr'>Virginis,</span> <span class='ocrx_word' id='word_1_25' title='bbox 642 690 699 782; x_wconf 92' lang='lat' dir='ltr'>qui</span> <span class='ocrx_word' id='word_1_26' title='bbox 721 688 781 760; x_wconf 85' lang='lat' dir='ltr'>tibi</span> <span class='ocrx_word' id='word_1_27' title='bbox 798 688 1188 777; x_wconf 29' lang='lat' dir='ltr'>iocunditatem-tribuit</span> <span class='ocrx_word' id='word_1_28' title='bbox 1212 683 1332 785; x_wconf 90' lang='lat' dir='ltr'>prolis.</span> 
     </span>
    </p>

    <p class='ocr_par' dir='ltr' id='par_1_3' title="bbox 66 798 1463 1704">
     <span class='ocr_line' id='line_1_5' title="bbox 239 798 1460 882; baseline 0.002 -20"><span class='ocrx_word' id='word_1_29' title='bbox 239 801 278 863; x_wconf 89' lang='lat' dir='ltr'>Et</span> <span class='ocrx_word' id='word_1_30' title='bbox 298 804 360 882; x_wconf 91' lang='lat' dir='ltr'>ipsa</span> <span class='ocrx_word' id='word_1_31' title='bbox 381 803 516 877; x_wconf 79' lang='lat' dir='ltr'>ingressa</span> <span class='ocrx_word' id='word_1_32' title='bbox 536 798 711 877; x_wconf 84' lang='lat' dir='ltr'>genuflectit</span> <span class='ocrx_word' id='word_1_33' title='bbox 727 806 824 861; x_wconf 89' lang='lat' dir='ltr'>corani</span> <span class='ocrx_word' id='word_1_34' title='bbox 837 801 930 861; x_wconf 79' lang='lat' dir='ltr'>ditari</span> <span class='ocrx_word' id='word_1_35' title='bbox 948 810 978 861; x_wconf 88' lang='lat' dir='ltr'>et</span> <span class='ocrx_word' id='word_1_36' title='bbox 997 809 1077 878; x_wconf 82' lang='lat' dir='ltr'>orat,</span> <span class='ocrx_word' id='word_1_37' title='bbox 1095 802 1206 878; x_wconf 80' lang='lat' dir='ltr'>gratias</span> <span class='ocrx_word' id='word_1_38' title='bbox 1228 820 1323 879; x_wconf 86' lang='lat' dir='ltr'>agens</span> <span class='ocrx_word' id='word_1_39' title='bbox 1339 802 1406 865; x_wconf 88' lang='lat' dir='ltr'>Deo</span> <span class='ocrx_word' id='word_1_40' title='bbox 1422 802 1460 864; x_wconf 89' lang='lat' dir='ltr'>de</span> 
     </span>
     <span class='ocr_line' id='line_1_6' title="bbox 137 891 1457 988; baseline -0.002 -20"><span class='ocrx_word' id='word_1_41' title='bbox 137 906 290 968; x_wconf 79' lang='lat' dir='ltr'>beneficiis</span> <span class='ocrx_word' id='word_1_42' title='bbox 311 903 366 962; x_wconf 76' lang='lat' dir='ltr'>sini</span> <span class='ocrx_word' id='word_1_43' title='bbox 382 902 496 963; x_wconf 79' lang='lat' dir='ltr'>collatis</span> <span class='ocrx_word' id='word_1_44' title='bbox 511 911 541 962; x_wconf 80' lang='lat' dir='ltr'>ot</span> <span class='ocrx_word' id='word_1_45' title='bbox 561 902 709 964; x_wconf 79' lang='lat' dir='ltr'>sacerdos</span> <span class='ocrx_word' id='word_1_46' title='bbox 725 903 812 964; x_wconf 76' lang='lat' dir='ltr'>ditia:</span> <span class='ocrx_word' id='word_1_47' title='bbox 834 892 941 988; x_wconf 74' lang='lat' dir='ltr'>llyrie</span> <span class='ocrx_word' id='word_1_48' title='bbox 963 894 1107 966; x_wconf 88' lang='lat' dir='ltr'>eleison.</span> <span class='ocrx_word' id='word_1_49' title='bbox 1146 891 1281 967; x_wconf 79' lang='lat' dir='ltr'>Christe</span> <span class='ocrx_word' id='word_1_50' title='bbox 1308 896 1457 970; x_wconf 84' lang='lat' dir='ltr'>eleison.</span> 
     </span>
     <span class='ocr_line' id='line_1_7' title="bbox 136 995 1459 1094; baseline 0 -25"><span class='ocrx_word' id='word_1_51' title='bbox 136 999 244 1094; x_wconf 77' lang='lat' dir='ltr'>Kyrie</span> <span class='ocrx_word' id='word_1_52' title='bbox 272 996 416 1068; x_wconf 89' lang='lat' dir='ltr'>eleison.</span> <span class='ocrx_word' id='word_1_53' title='bbox 471 995 574 1066; x_wconf 89' lang='lat' dir='ltr'>Pater</span> <span class='ocrx_word' id='word_1_54' title='bbox 592 1005 711 1067; x_wconf 89' lang='lat' dir='ltr'>noster</span> <span class='ocrx_word' id='word_1_55' title='bbox 732 1014 861 1067; x_wconf 83' lang='lat' dir='ltr'>secreto.</span> <span class='ocrx_word' id='word_1_56' title='bbox 914 995 958 1065; x_wconf 88' lang='lat' dir='ltr'>Et</span> <span class='ocrx_word' id='word_1_57' title='bbox 982 1018 1028 1066; x_wconf 90' lang='lat' dir='ltr'>ne</span> <span class='ocrx_word' id='word_1_58' title='bbox 1056 1017 1121 1069; x_wconf 92' lang='lat' dir='ltr'>uos</span> <span class='ocrx_word' id='word_1_59' title='bbox 1144 995 1287 1070; x_wconf 88' lang='lat' dir='ltr'>inducas</span> <span class='ocrx_word' id='word_1_60' title='bbox 1317 1000 1354 1069; x_wconf 91' lang='lat' dir='ltr'>in</span> <span class='ocrx_word' id='word_1_61' title='bbox 1384 1008 1459 1069; x_wconf 91' lang='lat' dir='ltr'>ten-</span> 
     </span>
     <span class='ocr_line' id='line_1_8' title="bbox 135 1094 1457 1189; baseline -0.003 -15"><span class='ocrx_word' id='word_1_62' title='bbox 135 1104 307 1174; x_wconf 81' lang='lat' dir='ltr'>tationem.</span> <span class='ocrx_word' id='word_1_63' title='bbox 360 1103 403 1189; x_wconf 62' lang='grc' dir='ltr'>ιιι.</span> <span class='ocrx_word' id='word_1_64' title='bbox 432 1095 503 1170; x_wconf 87' lang='lat' dir='ltr'>Sed</span> <span class='ocrx_word' id='word_1_65' title='bbox 530 1096 639 1169; x_wconf 88' lang='lat' dir='ltr'>libera</span> <span class='ocrx_word' id='word_1_66' title='bbox 660 1119 725 1172; x_wconf 91' lang='lat' dir='ltr'>nos</span> <span class='ocrx_word' id='word_1_67' title='bbox 747 1120 767 1168; x_wconf 90' lang='lat' dir='ltr'>a</span> <span class='ocrx_word' id='word_1_68' title='bbox 786 1098 887 1170; x_wconf 89' lang='lat' dir='ltr'>mulo.</span> <span class='ocrx_word' id='word_1_69' title='bbox 942 1094 1083 1169; x_wconf 87' lang='lat' dir='ltr'>Salvam</span> <span class='ocrx_word' id='word_1_70' title='bbox 1104 1097 1161 1170; x_wconf 86' lang='lat' dir='ltr'>fac</span> <span class='ocrx_word' id='word_1_71' title='bbox 1186 1099 1345 1175; x_wconf 81' lang='lat' dir='ltr'>ancillam</span> <span class='ocrx_word' id='word_1_72' title='bbox 1363 1111 1457 1171; x_wconf 88' lang='lat' dir='ltr'>tuam</span> 
     </span>
     <span class='ocr_line' id='line_1_9' title="bbox 136 1198 1455 1295; baseline -0.002 -19"><span class='ocrx_word' id='word_1_73' title='bbox 136 1204 292 1276; x_wconf 88' lang='lat' dir='ltr'>Domine.</span> <span class='ocrx_word' id='word_1_74' title='bbox 345 1206 388 1294; x_wconf 57' lang='lat' dir='ltr'>lp</span> <span class='ocrx_word' id='word_1_75' title='bbox 412 1199 508 1274; x_wconf 89' lang='lat' dir='ltr'>Deus</span> <span class='ocrx_word' id='word_1_76' title='bbox 534 1221 631 1273; x_wconf 88' lang='lat' dir='ltr'>meus</span> <span class='ocrx_word' id='word_1_77' title='bbox 659 1211 854 1295; x_wconf 86' lang='lat' dir='ltr'>sperantem</span> <span class='ocrx_word' id='word_1_78' title='bbox 879 1202 984 1272; x_wconf 91' lang='lat' dir='ltr'>inte.</span> <span class='ocrx_word' id='word_1_79' title='bbox 1038 1198 1135 1275; x_wconf 85' lang='lat' dir='ltr'>Mitte</span> <span class='ocrx_word' id='word_1_80' title='bbox 1158 1203 1192 1272; x_wconf 89' lang='lat' dir='ltr'>ei</span> <span class='ocrx_word' id='word_1_81' title='bbox 1220 1202 1387 1274; x_wconf 85' lang='lat' dir='ltr'>auxilium</span> <span class='ocrx_word' id='word_1_82' title='bbox 1411 1203 1455 1274; x_wconf 93' lang='lat' dir='ltr'>de</span> 
     </span>
     <span class='ocr_line' id='line_1_10' title="bbox 137 1299 1457 1397; baseline -0.004 -18"><span class='ocrx_word' id='word_1_83' title='bbox 137 1315 265 1380; x_wconf 87' lang='lat' dir='ltr'>saneto.</span> <span class='ocrx_word' id='word_1_84' title='bbox 319 1309 361 1395; x_wconf 70' lang='lat' dir='ltr'>lii.</span> <span class='ocrx_word' id='word_1_85' title='bbox 395 1303 439 1374; x_wconf 87' lang='lat' dir='ltr'>Et</span> <span class='ocrx_word' id='word_1_86' title='bbox 472 1302 514 1372; x_wconf 93' lang='lat' dir='ltr'>de</span> <span class='ocrx_word' id='word_1_87' title='bbox 548 1299 634 1374; x_wconf 86' lang='lat' dir='ltr'>Sion</span> <span class='ocrx_word' id='word_1_88' title='bbox 661 1312 760 1374; x_wconf 91' lang='lat' dir='ltr'>tuere</span> <span class='ocrx_word' id='word_1_89' title='bbox 794 1323 879 1373; x_wconf 89' lang='lat' dir='ltr'>eam.</span> <span class='ocrx_word' id='word_1_90' title='bbox 933 1299 1025 1373; x_wconf 91' lang='lat' dir='ltr'>Nihil</span> <span class='ocrx_word' id='word_1_91' title='bbox 1055 1301 1211 1397; x_wconf 88' lang='lat' dir='ltr'>proficiat</span> <span class='ocrx_word' id='word_1_92' title='bbox 1237 1304 1395 1379; x_wconf 87' lang='lat' dir='ltr'>iuimicus</span> <span class='ocrx_word' id='word_1_93' title='bbox 1422 1308 1457 1376; x_wconf 93' lang='lat' dir='ltr'>in</span> 
     </span>
     <span class='ocr_line' id='line_1_11' title="bbox 66 1394 1455 1501; baseline 0 -23"><span class='ocrx_word' id='word_1_94' title='bbox 66 1394 72 1407; x_wconf 76' lang='grc'>’</span> <span class='ocrx_word' id='word_1_95' title='bbox 136 1431 189 1478; x_wconf 89' lang='lat' dir='ltr'>ea.</span> <span class='ocrx_word' id='word_1_96' title='bbox 229 1412 272 1497; x_wconf 62' lang='lat' dir='ltr'>lin</span> <span class='ocrx_word' id='word_1_97' title='bbox 292 1404 335 1477; x_wconf 87' lang='lat' dir='ltr'>Et</span> <span class='ocrx_word' id='word_1_98' title='bbox 355 1404 443 1478; x_wconf 90' lang='lat' dir='ltr'>iilius</span> <span class='ocrx_word' id='word_1_99' title='bbox 463 1407 656 1498; x_wconf 86' lang='lat' dir='ltr'>iniquitatis</span> <span class='ocrx_word' id='word_1_100' title='bbox 664 1426 736 1476; x_wconf 94' lang='lat' dir='ltr'>non</span> <span class='ocrx_word' id='word_1_101' title='bbox 756 1412 904 1501; x_wconf 87' lang='lat' dir='ltr'>apponat</span> <span class='ocrx_word' id='word_1_102' title='bbox 922 1425 1053 1477; x_wconf 88' lang='lat' dir='ltr'>nocero</span> <span class='ocrx_word' id='word_1_103' title='bbox 1074 1408 1116 1477; x_wconf 94' lang='lat' dir='ltr'>ei.</span> <span class='ocrx_word' id='word_1_104' title='bbox 1157 1406 1305 1476; x_wconf 89' lang='lat' dir='ltr'>Domine</span> <span class='ocrx_word' id='word_1_105' title='bbox 1327 1407 1455 1478; x_wconf 76' lang='lat' dir='ltr'>exaudi</span> 
     </span>
     <span class='ocr_line' id='line_1_12' title="bbox 136 1506 1463 1597; baseline -0.002 -17"><span class='ocrx_word' id='word_1_106' title='bbox 136 1511 325 1580; x_wconf 89' lang='lat' dir='ltr'>orationem</span> <span class='ocrx_word' id='word_1_107' title='bbox 350 1530 470 1578; x_wconf 88' lang='lat' dir='ltr'>meam.</span> <span class='ocrx_word' id='word_1_108' title='bbox 523 1511 566 1597; x_wconf 70' lang='lat' dir='ltr'>ll.</span> <span class='ocrx_word' id='word_1_109' title='bbox 601 1507 645 1580; x_wconf 84' lang='lat' dir='ltr'>Et</span> <span class='ocrx_word' id='word_1_110' title='bbox 671 1507 803 1579; x_wconf 89' lang='lat' dir='ltr'>clamor</span> <span class='ocrx_word' id='word_1_111' title='bbox 831 1528 929 1580; x_wconf 88' lang='lat' dir='ltr'>meus</span> <span class='ocrx_word' id='word_1_112' title='bbox 962 1507 1005 1577; x_wconf 92' lang='lat' dir='ltr'>ad</span> <span class='ocrx_word' id='word_1_113' title='bbox 1034 1517 1069 1578; x_wconf 86' lang='lat' dir='ltr'>te</span> <span class='ocrx_word' id='word_1_114' title='bbox 1096 1509 1230 1588; x_wconf 2' lang='lat' dir='ltr'>inaniat.</span> <span class='ocrx_word' id='word_1_115' title='bbox 1285 1506 1463 1583; x_wconf 81' lang='lat' dir='ltr'>Dominus.</span> 
     </span>
     <span class='ocr_line' id='line_1_13' title="bbox 135 1607 824 1704; baseline -0.003 -22"><span class='ocrx_word' id='word_1_116' title='bbox 135 1611 323 1684; x_wconf 88' lang='lat' dir='ltr'>vobiscum.</span> <span class='ocrx_word' id='word_1_117' title='bbox 377 1615 420 1701; x_wconf 63' lang='lat' dir='ltr'>ld.</span> <span class='ocrx_word' id='word_1_118' title='bbox 449 1607 591 1679; x_wconf 87' lang='lat' dir='ltr'>Etcum</span> <span class='ocrx_word' id='word_1_119' title='bbox 614 1612 734 1704; x_wconf 91' lang='lat' dir='ltr'>spiritu</span> <span class='ocrx_word' id='word_1_120' title='bbox 755 1621 824 1681; x_wconf 92' lang='lat' dir='ltr'>tuo.</span> 
     </span>
    </p>
   </div>
   <div class='ocr_carea' id='block_1_3' title="bbox 122 1726 1454 2443">
    <p class='ocr_par' dir='ltr' id='par_1_4' title="bbox 122 1726 1454 2443">
     <span class='ocr_line' id='line_1_14' title="bbox 226 1726 1452 1824; baseline -0.006 -18"><span class='ocrx_word' id='word_1_121' title='bbox 226 1729 392 1806; x_wconf 88' lang='lat' dir='ltr'>.0remus.</span> <span class='ocrx_word' id='word_1_122' title='bbox 447 1726 689 1824; x_wconf 68' lang='lat' dir='ltr'>Omnipotens,</span> <span class='ocrx_word' id='word_1_123' title='bbox 711 1730 918 1822; x_wconf 87' lang='lat' dir='ltr'>sempiterne</span> <span class='ocrx_word' id='word_1_124' title='bbox 942 1727 1051 1816; x_wconf 68' lang='lat' dir='ltr'>Dens,</span> <span class='ocrx_word' id='word_1_125' title='bbox 1074 1729 1132 1822; x_wconf 91' lang='lat' dir='ltr'>qui</span> <span class='ocrx_word' id='word_1_126' title='bbox 1151 1750 1215 1824; x_wconf 91' lang='lat' dir='ltr'>per</span> <span class='ocrx_word' id='word_1_127' title='bbox 1233 1728 1358 1800; x_wconf 86' lang='lat' dir='ltr'>beatae</span> <span class='ocrx_word' id='word_1_128' title='bbox 1381 1727 1452 1800; x_wconf 87' lang='lat' dir='ltr'>illa-</span> 
     </span>
     <span class='ocr_line' id='line_1_15' title="bbox 133 1828 1454 1926; baseline -0.004 -20"><span class='ocrx_word' id='word_1_129' title='bbox 133 1836 206 1907; x_wconf 90' lang='lat' dir='ltr'>riae</span> <span class='ocrx_word' id='word_1_130' title='bbox 232 1834 377 1925; x_wconf 80' lang='lat' dir='ltr'>virginis</span> <span class='ocrx_word' id='word_1_131' title='bbox 403 1840 537 1926; x_wconf 88' lang='lat' dir='ltr'>partum</span> <span class='ocrx_word' id='word_1_132' title='bbox 562 1831 765 1924; x_wconf 87' lang='lat' dir='ltr'>parientium</span> <span class='ocrx_word' id='word_1_133' title='bbox 797 1828 937 1902; x_wconf 90' lang='lat' dir='ltr'>dolores</span> <span class='ocrx_word' id='word_1_134' title='bbox 965 1830 1190 1922; x_wconf 84' lang='lat' dir='ltr'>ingaudium</span> <span class='ocrx_word' id='word_1_135' title='bbox 1218 1832 1372 1905; x_wconf 86' lang='lat' dir='ltr'>vertisti:</span> <span class='ocrx_word' id='word_1_136' title='bbox 1400 1853 1454 1902; x_wconf 93' lang='lat' dir='ltr'>re-</span> 
     </span>
     <span class='ocr_line' id='line_1_16' title="bbox 134 1930 1452 2032; baseline -0.005 -22"><span class='ocrx_word' id='word_1_137' title='bbox 134 1938 229 2032; x_wconf 86' lang='lat' dir='ltr'>spice</span> <span class='ocrx_word' id='word_1_138' title='bbox 258 1935 425 2029; x_wconf 90' lang='lat' dir='ltr'>propitius</span> <span class='ocrx_word' id='word_1_139' title='bbox 457 1955 561 2028; x_wconf 91' lang='lat' dir='ltr'>super</span> <span class='ocrx_word' id='word_1_140' title='bbox 591 1931 679 2002; x_wconf 91' lang='lat' dir='ltr'>hanc</span> <span class='ocrx_word' id='word_1_141' title='bbox 708 1930 870 2002; x_wconf 84' lang='lat' dir='ltr'>famulam</span> <span class='ocrx_word' id='word_1_142' title='bbox 896 1942 1008 2022; x_wconf 58' lang='lat' dir='ltr'>tuam„</span> <span class='ocrx_word' id='word_1_143' title='bbox 1036 1931 1080 2004; x_wconf 88' lang='lat' dir='ltr'>ad</span> <span class='ocrx_word' id='word_1_144' title='bbox 1105 1931 1270 2028; x_wconf 91' lang='lat' dir='ltr'>templum</span> <span class='ocrx_word' id='word_1_145' title='bbox 1296 1942 1452 2008; x_wconf 87' lang='lat' dir='ltr'>sanctum</span> 
     </span>
     <span class='ocr_line' id='line_1_17' title="bbox 133 2032 1454 2131; baseline -0.002 -23"><span class='ocrx_word' id='word_1_146' title='bbox 133 2047 228 2109; x_wconf 91' lang='lat' dir='ltr'>tuum</span> <span class='ocrx_word' id='word_1_147' title='bbox 254 2058 318 2130; x_wconf 88' lang='lat' dir='ltr'>pro</span> <span class='ocrx_word' id='word_1_148' title='bbox 353 2034 537 2126; x_wconf 86' lang='lat' dir='ltr'>gratiarum</span> <span class='ocrx_word' id='word_1_149' title='bbox 567 2035 702 2103; x_wconf 87' lang='lat' dir='ltr'>actione</span> <span class='ocrx_word' id='word_1_150' title='bbox 734 2032 859 2104; x_wconf 89' lang='lat' dir='ltr'>laetam</span> <span class='ocrx_word' id='word_1_151' title='bbox 885 2033 1133 2106; x_wconf 82' lang='lat' dir='ltr'>accedentem:</span> <span class='ocrx_word' id='word_1_152' title='bbox 1163 2044 1383 2131; x_wconf 73' lang='lat' dir='ltr'>capraccia,</span> <span class='ocrx_word' id='word_1_153' title='bbox 1417 2044 1454 2107; x_wconf 88' lang='grc' dir='ltr'>ιιι</span> 
     </span>
     <span class='ocr_line' id='line_1_18' title="bbox 133 2132 1452 2235; baseline -0.002 -25"><span class='ocrx_word' id='word_1_154' title='bbox 133 2137 328 2235; x_wconf 86' lang='lat' dir='ltr'>posthanc</span> <span class='ocrx_word' id='word_1_155' title='bbox 355 2137 460 2208; x_wconf 87' lang='lat' dir='ltr'>vitam</span> <span class='ocrx_word' id='word_1_156' title='bbox 488 2134 644 2208; x_wconf 91' lang='lat' dir='ltr'>eiusdem</span> <span class='ocrx_word' id='word_1_157' title='bbox 667 2133 790 2206; x_wconf 88' lang='lat' dir='ltr'>beatae</span> <span class='ocrx_word' id='word_1_158' title='bbox 816 2132 947 2207; x_wconf 88' lang='lat' dir='ltr'>Mariae</span> <span class='ocrx_word' id='word_1_159' title='bbox 979 2139 1109 2210; x_wconf 88' lang='lat' dir='ltr'>meritis</span> <span class='ocrx_word' id='word_1_160' title='bbox 1138 2146 1173 2208; x_wconf 91' lang='lat' dir='ltr'>et</span> <span class='ocrx_word' id='word_1_161' title='bbox 1202 2141 1452 2210; x_wconf 83' lang='lat' dir='ltr'>intercessione</span> 
     </span>
     <span class='ocr_line' id='line_1_19' title="bbox 122 2236 1449 2336; baseline -0.005 -20"><span class='ocrx_word' id='word_1_162' title='bbox 122 2241 175 2317; x_wconf 78' lang='lat' dir='ltr'>’ad</span> <span class='ocrx_word' id='word_1_163' title='bbox 197 2250 359 2311; x_wconf 87' lang='lat' dir='ltr'>aeternae</span> <span class='ocrx_word' id='word_1_164' title='bbox 379 2236 595 2309; x_wconf 87' lang='lat' dir='ltr'>beatitudinis</span> <span class='ocrx_word' id='word_1_165' title='bbox 616 2236 741 2328; x_wconf 82' lang='lat' dir='ltr'>gaudia</span> <span class='ocrx_word' id='word_1_166' title='bbox 760 2260 836 2308; x_wconf 92' lang='lat' dir='ltr'>cum</span> <span class='ocrx_word' id='word_1_167' title='bbox 855 2239 955 2333; x_wconf 89' lang='lat' dir='ltr'>prole</span> <span class='ocrx_word' id='word_1_168' title='bbox 978 2261 1039 2312; x_wconf 89' lang='lat' dir='ltr'>sua</span> <span class='ocrx_word' id='word_1_169' title='bbox 1061 2242 1247 2336; x_wconf 86' lang='lat' dir='ltr'>pervenire</span> <span class='ocrx_word' id='word_1_170' title='bbox 1264 2248 1449 2310; x_wconf 89' lang='lat' dir='ltr'>mereatur.</span> 
     </span>
     <span class='ocr_line' id='line_1_20' title="bbox 132 2337 1005 2443; baseline -0.007 -27"><span class='ocrx_word' id='word_1_171' title='bbox 132 2344 200 2416; x_wconf 88' lang='lat' dir='ltr'>Per</span> <span class='ocrx_word' id='word_1_172' title='bbox 223 2342 395 2413; x_wconf 81' lang='lat' dir='ltr'>Christum</span> <span class='ocrx_word' id='word_1_173' title='bbox 416 2340 603 2443; x_wconf 34' lang='lat' dir='ltr'>Dominum·</span> <span class='ocrx_word' id='word_1_174' title='bbox 624 2347 789 2412; x_wconf 85' lang='lat' dir='ltr'>nostrum.</span> <span class='ocrx_word' id='word_1_175' title='bbox 842 2337 1005 2436; x_wconf 80' lang='lat' dir='ltr'>Amen1).</span> 
     </span>
    </p>
   </div>
   <div class='ocr_carea' id='block_1_4' title="bbox 130 2484 338 2498">
    <p class='ocr_par' dir='ltr' id='par_1_5' title="bbox 130 2484 338 2498">
     <span class='ocr_line' id='line_1_21' title="bbox 130 2484 338 2498; baseline -0.01 0"><span class='ocrx_word' id='word_1_176' title='bbox 130 2484 338 2498; x_wconf 54' lang='grc' dir='ltr'>...ο-*ν-</span> 
     </span>
    </p>
   </div>
   <div class='ocr_carea' id='block_1_5' title="bbox 109 2561 1452 3653">
    <p class='ocr_par' dir='ltr' id='par_1_6' title="bbox 217 2561 1452 2641">
     <span class='ocr_line' id='line_1_22' title="bbox 217 2561 1452 2641; baseline -0.005 -21"><span class='ocrx_word' id='word_1_177' title='bbox 217 2562 246 2641; x_wconf 86' lang='grc'>1)</span> <span class='ocrx_word' id='word_1_178' title='bbox 266 2564 427 2635; x_wconf 89' lang='lat' dir='ltr'>Discrepunt</span> <span class='ocrx_word' id='word_1_179' title='bbox 439 2561 574 2634; x_wconf 79' lang='lat' dir='ltr'>Agendae</span> <span class='ocrx_word' id='word_1_180' title='bbox 588 2561 720 2635; x_wconf 86' lang='lat' dir='ltr'>plurimae</span> <span class='ocrx_word' id='word_1_181' title='bbox 734 2563 762 2618; x_wconf 90' lang='lat' dir='ltr'>in</span> <span class='ocrx_word' id='word_1_182' title='bbox 778 2562 920 2619; x_wconf 87' lang='lat' dir='ltr'>versiculis</span> <span class='ocrx_word' id='word_1_183' title='bbox 935 2580 1017 2635; x_wconf 89' lang='lat' dir='ltr'>snpra</span> <span class='ocrx_word' id='word_1_184' title='bbox 1032 2563 1145 2635; x_wconf 84' lang='lat' dir='ltr'>positis,</span> <span class='ocrx_word' id='word_1_185' title='bbox 1160 2562 1367 2621; x_wconf 79' lang='lat' dir='ltr'>dissentientia</span> <span class='ocrx_word' id='word_1_186' title='bbox 1385 2561 1452 2618; x_wconf 85' lang='lat' dir='ltr'>aliis.</span> 
     </span>
    </p>

    <p class='ocr_par' dir='ltr' id='par_1_7' title="bbox 109 2646 1451 3653">
     <span class='ocr_line' id='line_1_23' title="bbox 109 2646 1451 2722; baseline -0.005 -14"><span class='ocrx_word' id='word_1_187' title='bbox 109 2696 112 2701; x_wconf 59' lang='grc'>,</span> <span class='ocrx_word' id='word_1_188' title='bbox 132 2650 301 2709; x_wconf 80' lang='lat' dir='ltr'>&#39;laevirensis</span> <span class='ocrx_word' id='word_1_189' title='bbox 315 2656 379 2720; x_wconf 87' lang='lat' dir='ltr'>post</span> <span class='ocrx_word' id='word_1_190' title='bbox 394 2647 539 2704; x_wconf 85' lang='lat' dir='ltr'>collectam</span> <span class='ocrx_word' id='word_1_191' title='bbox 557 2648 584 2704; x_wconf 95' lang='lat' dir='ltr'>in</span> <span class='ocrx_word' id='word_1_192' title='bbox 601 2646 760 2705; x_wconf 85' lang='lat' dir='ltr'>Festivitate</span> <span class='ocrx_word' id='word_1_193' title='bbox 775 2648 974 2705; x_wconf 84' lang='lat' dir='ltr'>Purificationis</span> <span class='ocrx_word' id='word_1_194' title='bbox 992 2649 1021 2704; x_wconf 89' lang='grc' dir='ltr'>Β.</span> <span class='ocrx_word' id='word_1_195' title='bbox 1030 2650 1063 2707; x_wconf 91' lang='lat' dir='ltr'>ll.</span> <span class='ocrx_word' id='word_1_196' title='bbox 1074 2649 1107 2704; x_wconf 87' lang='lat' dir='ltr'>V.</span> <span class='ocrx_word' id='word_1_197' title='bbox 1121 2648 1247 2706; x_wconf 69' lang='lat' dir='ltr'>natatum</span> <span class='ocrx_word' id='word_1_198' title='bbox 1259 2647 1451 2722; x_wconf 86' lang='lat' dir='ltr'>(Omnipotens</span> 
     </span>
     <span class='ocr_line' id='line_1_24' title="bbox 132 2728 1451 2808; baseline -0.005 -16"><span class='ocrx_word' id='word_1_199' title='bbox 132 2728 299 2808; x_wconf 78' lang='lat' dir='ltr'>sempiterne</span> <span class='ocrx_word' id='word_1_200' title='bbox 317 2735 390 2789; x_wconf 86' lang='lat' dir='ltr'>Deus</span> <span class='ocrx_word' id='word_1_201' title='bbox 411 2739 463 2790; x_wconf 86' lang='lat' dir='ltr'>etc.</span> <span class='ocrx_word' id='word_1_202' title='bbox 485 2733 513 2791; x_wconf 92' lang='lat' dir='ltr'>iu</span> <span class='ocrx_word' id='word_1_203' title='bbox 533 2735 587 2789; x_wconf 86' lang='lat' dir='ltr'>line</span> <span class='ocrx_word' id='word_1_204' title='bbox 607 2739 712 2788; x_wconf 89' lang='lat' dir='ltr'>tamen:</span> <span class='ocrx_word' id='word_1_205' title='bbox 741 2734 778 2788; x_wconf 91' lang='lat' dir='ltr'>ita</span> <span class='ocrx_word' id='word_1_206' title='bbox 805 2733 889 2788; x_wconf 86' lang='lat' dir='ltr'>iacias</span> <span class='ocrx_word' id='word_1_207' title='bbox 912 2733 981 2789; x_wconf 84' lang='lat' dir='ltr'>lianc</span> <span class='ocrx_word' id='word_1_208' title='bbox 1003 2734 1127 2790; x_wconf 84' lang='lat' dir='ltr'>famulam</span> <span class='ocrx_word' id='word_1_209' title='bbox 1148 2741 1220 2789; x_wconf 88' lang='lat' dir='ltr'>tuam</span> <span class='ocrx_word' id='word_1_210' title='bbox 1238 2732 1382 2805; x_wconf 81' lang='lat' dir='ltr'>purificata</span> <span class='ocrx_word' id='word_1_211' title='bbox 1405 2731 1451 2788; x_wconf 79' lang='lat' dir='ltr'>tilri</span> 
     </span>
     <span class='ocr_line' id='line_1_25' title="bbox 133 2814 1451 2891; baseline -0.003 -16"><span class='ocrx_word' id='word_1_212' title='bbox 133 2827 222 2875; x_wconf 87' lang='lat' dir='ltr'>menie</span> <span class='ocrx_word' id='word_1_213' title='bbox 244 2814 429 2891; x_wconf 85' lang='lat' dir='ltr'>praesentari)</span> <span class='ocrx_word' id='word_1_214' title='bbox 450 2817 515 2872; x_wconf 89' lang='lat' dir='ltr'>iacit</span> <span class='ocrx_word' id='word_1_215' title='bbox 534 2817 712 2874; x_wconf 82' lang='lat' dir='ltr'>Sacerdotem</span> <span class='ocrx_word' id='word_1_216' title='bbox 736 2816 841 2875; x_wconf 90' lang='lat' dir='ltr'>mulieri</span> <span class='ocrx_word' id='word_1_217' title='bbox 862 2825 1008 2873; x_wconf 88' lang='lat' dir='ltr'>extremam</span> <span class='ocrx_word' id='word_1_218' title='bbox 1029 2825 1133 2890; x_wconf 84' lang='lat' dir='ltr'>partem</span> <span class='ocrx_word' id='word_1_219' title='bbox 1154 2818 1244 2876; x_wconf 85' lang='lat' dir='ltr'>siclae</span> <span class='ocrx_word' id='word_1_220' title='bbox 1264 2817 1451 2889; x_wconf 82' lang='lat' dir='ltr'>porrigentem</span> 
     </span>
     <span class='ocr_line' id='line_1_26' title="bbox 132 2900 1451 2960; baseline -0.003 0"><span class='ocrx_word' id='word_1_221' title='bbox 132 2902 341 2960; x_wconf 84' lang='lat' dir='ltr'>deosculandam</span> <span class='ocrx_word' id='word_1_222' title='bbox 356 2918 388 2956; x_wconf 90' lang='lat' dir='ltr'>ac</span> <span class='ocrx_word' id='word_1_223' title='bbox 408 2900 557 2956; x_wconf 90' lang='lat' dir='ltr'>dicentem:</span> <span class='ocrx_word' id='word_1_224' title='bbox 572 2901 700 2958; x_wconf 90' lang='lat' dir='ltr'>Dominus</span> <span class='ocrx_word' id='word_1_225' title='bbox 718 2902 875 2958; x_wconf 86' lang='lat' dir='ltr'>custodiat</span> <span class='ocrx_word' id='word_1_226' title='bbox 868 2903 1007 2959; x_wconf 83' lang='lat' dir='ltr'>introitum</span> <span class='ocrx_word' id='word_1_227' title='bbox 1022 2911 1094 2960; x_wconf 87' lang='lat' dir='ltr'>tuum</span> <span class='ocrx_word' id='word_1_228' title='bbox 1109 2910 1138 2960; x_wconf 86' lang='lat' dir='ltr'>et</span> <span class='ocrx_word' id='word_1_229' title='bbox 1152 2903 1252 2960; x_wconf 73' lang='lat' dir='ltr'>snitum</span> <span class='ocrx_word' id='word_1_230' title='bbox 1264 2911 1338 2958; x_wconf 91' lang='lat' dir='ltr'>tuum</span> <span class='ocrx_word' id='word_1_231' title='bbox 1353 2919 1388 2957; x_wconf 84' lang='lat' dir='ltr'>ex</span> <span class='ocrx_word' id='word_1_232' title='bbox 1401 2902 1451 2956; x_wconf 85' lang='lat' dir='ltr'>hdo</span> 
     </span>
     <span class='ocr_line' id='line_1_27' title="bbox 131 2973 1451 3068; baseline -0.002 -23"><span class='ocrx_word' id='word_1_233' title='bbox 131 3003 202 3045; x_wconf 89' lang='lat' dir='ltr'>nuno</span> <span class='ocrx_word' id='word_1_234' title='bbox 223 2994 251 3043; x_wconf 87' lang='lat' dir='ltr'>ot</span> <span class='ocrx_word' id='word_1_235' title='bbox 278 3003 362 3058; x_wconf 86' lang='lat' dir='ltr'>nsque</span> <span class='ocrx_word' id='word_1_236' title='bbox 382 2987 410 3040; x_wconf 93' lang='lat' dir='ltr'>in</span> <span class='ocrx_word' id='word_1_237' title='bbox 434 2986 579 3042; x_wconf 87' lang='lat' dir='ltr'>saeculum.</span> <span class='ocrx_word' id='word_1_238' title='bbox 612 2986 671 3053; x_wconf 83' lang='lat' dir='ltr'>Quo</span> <span class='ocrx_word' id='word_1_239' title='bbox 686 2985 762 3042; x_wconf 90' lang='lat' dir='ltr'>dicto</span> <span class='ocrx_word' id='word_1_240' title='bbox 775 2973 882 3044; x_wconf 87' lang='lat' dir='ltr'>accedit</span> <span class='ocrx_word' id='word_1_241' title='bbox 896 2995 1026 3068; x_wconf 81' lang='lat' dir='ltr'>sequente</span> <span class='ocrx_word' id='word_1_242' title='bbox 1041 2986 1154 3046; x_wconf 87' lang='lat' dir='ltr'>muliere</span> <span class='ocrx_word' id='word_1_243' title='bbox 1174 2988 1209 3045; x_wconf 85' lang='lat' dir='ltr'>ad</span> <span class='ocrx_word' id='word_1_244' title='bbox 1231 2987 1344 3059; x_wconf 86' lang='lat' dir='ltr'>aliquod</span> <span class='ocrx_word' id='word_1_245' title='bbox 1359 2988 1451 3055; x_wconf 85' lang='lat' dir='ltr'>altare,</span> 
     </span>
     <span class='ocr_line' id='line_1_28' title="bbox 132 3063 1449 3144; baseline -0.004 -14"><span class='ocrx_word' id='word_1_246' title='bbox 132 3075 178 3130; x_wconf 86' lang='lat' dir='ltr'>nbi</span> <span class='ocrx_word' id='word_1_247' title='bbox 190 3073 259 3144; x_wconf 82' lang='lat' dir='ltr'>legit</span> <span class='ocrx_word' id='word_1_248' title='bbox 272 3087 355 3143; x_wconf 86' lang='lat' dir='ltr'>super</span> <span class='ocrx_word' id='word_1_249' title='bbox 370 3086 429 3127; x_wconf 89' lang='lat' dir='ltr'>eam</span> <span class='ocrx_word' id='word_1_250' title='bbox 446 3071 617 3140; x_wconf 76' lang='lat' dir='ltr'>genuflexum</span> <span class='ocrx_word' id='word_1_251' title='bbox 630 3063 808 3142; x_wconf 82' lang='lat' dir='ltr'>Evangelnum</span> <span class='ocrx_word' id='word_1_252' title='bbox 822 3073 850 3131; x_wconf 85' lang='lat' dir='ltr'>S</span> <span class='ocrx_word' id='word_1_253' title='bbox 865 3074 951 3129; x_wconf 88' lang='lat' dir='ltr'>Lucae</span> <span class='ocrx_word' id='word_1_254' title='bbox 966 3074 1002 3144; x_wconf 89' lang='lat' dir='ltr'>ll,</span> <span class='ocrx_word' id='word_1_255' title='bbox 1015 3075 1052 3128; x_wconf 64' lang='grc' dir='ltr'>ιι</span> <span class='ocrx_word' id='word_1_256' title='bbox 1065 3090 1106 3144; x_wconf 87' lang='lat' dir='ltr'>sq</span> <span class='ocrx_word' id='word_1_257' title='bbox 1136 3073 1173 3128; x_wconf 92' lang='lat' dir='ltr'>ln</span> <span class='ocrx_word' id='word_1_258' title='bbox 1193 3072 1258 3129; x_wconf 94' lang='lat' dir='ltr'>illo</span> <span class='ocrx_word' id='word_1_259' title='bbox 1274 3080 1449 3144; x_wconf 83' lang='lat' dir='ltr'>tempore:</span> 
     </span>
     <span class='ocr_line' id='line_1_29' title="bbox 132 3154 1449 3229; baseline -0.005 -14"><span class='ocrx_word' id='word_1_260' title='bbox 132 3160 324 3229; x_wconf 83' lang='lat' dir='ltr'>Postquam</span> <span class='ocrx_word' id='word_1_261' title='bbox 346 3154 488 3227; x_wconf 90' lang='lat' dir='ltr'>impleti</span> <span class='ocrx_word' id='word_1_262' title='bbox 508 3162 591 3211; x_wconf 88' lang='lat' dir='ltr'>sunt</span> <span class='ocrx_word' id='word_1_263' title='bbox 612 3156 694 3211; x_wconf 91' lang='lat' dir='ltr'>dies</span> <span class='ocrx_word' id='word_1_264' title='bbox 713 3157 948 3228; x_wconf 79' lang='lat' dir='ltr'>purgationis</span> <span class='ocrx_word' id='word_1_265' title='bbox 965 3154 1022 3214; x_wconf 47' lang='lat' dir='ltr'>stete</span> <span class='ocrx_word' id='word_1_266' title='bbox 1066 3157 1172 3214; x_wconf 81' lang='lat' dir='ltr'>Deinde</span> <span class='ocrx_word' id='word_1_267' title='bbox 1186 3174 1293 3215; x_wconf 91' lang='lat' dir='ltr'>sacrum</span> <span class='ocrx_word' id='word_1_268' title='bbox 1307 3155 1449 3226; x_wconf 74' lang='lat' dir='ltr'>Evangelii</span> 
     </span>
     <span class='ocr_line' id='line_1_30' title="bbox 134 3239 1448 3320; baseline -0.004 -21"><span class='ocrx_word' id='word_1_269' title='bbox 134 3249 235 3299; x_wconf 81' lang='lat' dir='ltr'>tentum</span> <span class='ocrx_word' id='word_1_270' title='bbox 250 3240 356 3298; x_wconf 89' lang='lat' dir='ltr'>mulieri</span> <span class='ocrx_word' id='word_1_271' title='bbox 368 3239 543 3297; x_wconf 85' lang='lat' dir='ltr'>osculandum</span> <span class='ocrx_word' id='word_1_272' title='bbox 557 3243 671 3312; x_wconf 87' lang='lat' dir='ltr'>praebet</span> <span class='ocrx_word' id='word_1_273' title='bbox 685 3241 795 3298; x_wconf 90' lang='lat' dir='ltr'>dicens:</span> <span class='ocrx_word' id='word_1_274' title='bbox 813 3243 866 3320; x_wconf 77' lang='lat' dir='ltr'>l&#39;er</span> <span class='ocrx_word' id='word_1_275' title='bbox 880 3242 948 3298; x_wconf 86' lang='lat' dir='ltr'>irasc</span> <span class='ocrx_word' id='word_1_276' title='bbox 962 3249 1056 3301; x_wconf 88' lang='lat' dir='ltr'>sancta</span> <span class='ocrx_word' id='word_1_277' title='bbox 1071 3242 1238 3314; x_wconf 76' lang='lat' dir='ltr'>Euangeliou</span> <span class='ocrx_word' id='word_1_278' title='bbox 1250 3242 1323 3318; x_wconf 84' lang='lat' dir='ltr'>dieta</span> <span class='ocrx_word' id='word_1_279' title='bbox 1338 3241 1448 3297; x_wconf 86' lang='lat' dir='ltr'>deleau-</span> 
     </span>
     <span class='ocr_line' id='line_1_31' title="bbox 134 3323 1448 3400; baseline -0.002 -16"><span class='ocrx_word' id='word_1_280' title='bbox 134 3335 178 3384; x_wconf 86' lang='lat' dir='ltr'>tur</span> <span class='ocrx_word' id='word_1_281' title='bbox 189 3326 316 3382; x_wconf 86' lang='lat' dir='ltr'>universa</span> <span class='ocrx_word' id='word_1_282' title='bbox 331 3332 375 3381; x_wconf 91' lang='lat' dir='ltr'>tue</span> <span class='ocrx_word' id='word_1_283' title='bbox 393 3323 502 3381; x_wconf 89' lang='lat' dir='ltr'>delicta.</span> <span class='ocrx_word' id='word_1_284' title='bbox 530 3325 565 3383; x_wconf 83' lang='lat' dir='ltr'>Et</span> <span class='ocrx_word' id='word_1_285' title='bbox 580 3330 729 3398; x_wconf 81' lang='lat' dir='ltr'>aspergens</span> <span class='ocrx_word' id='word_1_286' title='bbox 743 3327 817 3384; x_wconf 86' lang='lat' dir='ltr'>illem</span> <span class='ocrx_word' id='word_1_287' title='bbox 837 3327 935 3383; x_wconf 90' lang='lat' dir='ltr'>iterum</span> <span class='ocrx_word' id='word_1_288' title='bbox 953 3344 1021 3400; x_wconf 89' lang='lat' dir='ltr'>aqua</span> <span class='ocrx_word' id='word_1_289' title='bbox 1040 3327 1185 3385; x_wconf 85' lang='lat' dir='ltr'>benedicta</span> <span class='ocrx_word' id='word_1_290' title='bbox 1199 3327 1227 3383; x_wconf 93' lang='lat' dir='ltr'>iu</span> <span class='ocrx_word' id='word_1_291' title='bbox 1241 3327 1350 3383; x_wconf 86' lang='lat' dir='ltr'>modum</span> <span class='ocrx_word' id='word_1_292' title='bbox 1360 3324 1448 3393; x_wconf 81' lang='lat' dir='ltr'>crucis</span> 
     </span>
     <span class='ocr_line' id='line_1_32' title="bbox 132 3409 1447 3482; baseline -0.003 -14"><span class='ocrx_word' id='word_1_293' title='bbox 132 3411 214 3468; x_wconf 89' lang='lat' dir='ltr'>dicit:</span> <span class='ocrx_word' id='word_1_294' title='bbox 233 3409 392 3467; x_wconf 87' lang='lat' dir='ltr'>Benedictio</span> <span class='ocrx_word' id='word_1_295' title='bbox 405 3409 454 3466; x_wconf 91' lang='lat' dir='ltr'>Dei</span> <span class='ocrx_word' id='word_1_296' title='bbox 469 3416 522 3466; x_wconf 86' lang='lat' dir='ltr'>etc.</span> <span class='ocrx_word' id='word_1_297' title='bbox 551 3410 627 3467; x_wconf 91' lang='lat' dir='ltr'>ldem</span> <span class='ocrx_word' id='word_1_298' title='bbox 639 3411 817 3482; x_wconf 74' lang='lat' dir='ltr'>Evangelium</span> <span class='ocrx_word' id='word_1_299' title='bbox 831 3418 944 3471; x_wconf 88' lang='lat' dir='ltr'>servant</span> <span class='ocrx_word' id='word_1_300' title='bbox 959 3412 1138 3470; x_wconf 76' lang='lat' dir='ltr'>colonienses</span> <span class='ocrx_word' id='word_1_301' title='bbox 1163 3420 1191 3468; x_wconf 89' lang='lat' dir='ltr'>et</span> <span class='ocrx_word' id='word_1_302' title='bbox 1211 3412 1275 3480; x_wconf 86' lang='lat' dir='ltr'>alii;</span> <span class='ocrx_word' id='word_1_303' title='bbox 1294 3411 1342 3468; x_wconf 91' lang='lat' dir='ltr'>alii</span> <span class='ocrx_word' id='word_1_304' title='bbox 1355 3410 1447 3481; x_wconf 77' lang='lat' dir='ltr'>legunt</span> 
     </span>
     <span class='ocr_line' id='line_1_33' title="bbox 132 3493 1446 3568; baseline -0.005 -12"><span class='ocrx_word' id='word_1_305' title='bbox 132 3496 311 3567; x_wconf 75' lang='lat' dir='ltr'>Evangelium</span> <span class='ocrx_word' id='word_1_306' title='bbox 332 3494 504 3562; x_wconf 70' lang='lat' dir='ltr'>§.loannisz</span> <span class='ocrx_word' id='word_1_307' title='bbox 535 3496 572 3553; x_wconf 93' lang='lat' dir='ltr'>ln</span> <span class='ocrx_word' id='word_1_308' title='bbox 596 3496 782 3568; x_wconf 89' lang='lat' dir='ltr'>principio</span> <span class='ocrx_word' id='word_1_309' title='bbox 812 3504 891 3552; x_wconf 90' lang='lat' dir='ltr'>erat</span> <span class='ocrx_word' id='word_1_310' title='bbox 909 3498 1062 3557; x_wconf 79' lang='lat' dir='ltr'>¹nerbum</span> <span class='ocrx_word' id='word_1_311' title='bbox 1086 3505 1140 3557; x_wconf 87' lang='lat' dir='ltr'>etc.</span> <span class='ocrx_word' id='word_1_312' title='bbox 1186 3496 1280 3553; x_wconf 82' lang='lat' dir='ltr'>Codex</span> <span class='ocrx_word' id='word_1_313' title='bbox 1301 3493 1446 3553; x_wconf 90' lang='lat' dir='ltr'>Binterimii</span> 
     </span>
     <span class='ocr_line' id='line_1_34' title="bbox 132 3580 1445 3653; baseline -0.003 -15"><span class='ocrx_word' id='word_1_314' title='bbox 132 3598 213 3653; x_wconf 89' lang='lat' dir='ltr'>supra</span> <span class='ocrx_word' id='word_1_315' title='bbox 229 3587 453 3648; x_wconf 84' lang='lat' dir='ltr'>commemoratus</span> <span class='ocrx_word' id='word_1_316' title='bbox 469 3597 542 3637; x_wconf 83' lang='lat' dir='ltr'>saec.</span> <span class='ocrx_word' id='word_1_317' title='bbox 555 3580 642 3637; x_wconf 89' lang='lat' dir='ltr'>XlV.:</span> <span class='ocrx_word' id='word_1_318' title='bbox 665 3581 825 3652; x_wconf 57' lang='lat' dir='ltr'>‚procrees</span> <span class='ocrx_word' id='word_1_319' title='bbox 839 3582 864 3640; x_wconf 87' lang='lat' dir='ltr'>si</span> <span class='ocrx_word' id='word_1_320' title='bbox 878 3581 985 3640; x_wconf 87' lang='lat' dir='ltr'>liissam</span> <span class='ocrx_word' id='word_1_321' title='bbox 1001 3583 1186 3639; x_wconf 85' lang='lat' dir='ltr'>celebraturus</span> <span class='ocrx_word' id='word_1_322' title='bbox 1201 3582 1245 3651; x_wconf 78' lang='lat' dir='ltr'>sit,</span> <span class='ocrx_word' id='word_1_323' title='bbox 1258 3581 1334 3638; x_wconf 89' lang='lat' dir='ltr'>dicat</span> <span class='ocrx_word' id='word_1_324' title='bbox 1344 3581 1445 3637; x_wconf 85' lang='lat' dir='ltr'>liissam</span> 
     </span>
    </p>
   </div>
   <div class='ocr_carea' id='block_1_6' title="bbox 13 3662 1443 3738">
    <p class='ocr_par' dir='ltr' id='par_1_8' title="bbox 13 3662 1443 3738">
     <span class='ocr_line' id='line_1_35' title="bbox 13 3662 1443 3738; baseline -0.003 -16"><span class='ocrx_word' id='word_1_325' title='bbox 13 3730 17 3735; x_wconf 50' lang='grc'><strong>,</strong></span> <span class='ocrx_word' id='word_1_326' title='bbox 132 3666 330 3722; x_wconf 73' lang='lat' dir='ltr'>l’nridcatiouis</span> <span class='ocrx_word' id='word_1_327' title='bbox 347 3664 448 3722; x_wconf 83' lang='lat' dir='ltr'>illariae</span> <span class='ocrx_word' id='word_1_328' title='bbox 465 3666 692 3738; x_wconf 87' lang='lat' dir='ltr'>Suseepimus</span> <span class='ocrx_word' id='word_1_329' title='bbox 713 3674 767 3723; x_wconf 85' lang='lat' dir='ltr'>eie.</span> <span class='ocrx_word' id='word_1_330' title='bbox 789 3667 936 3724; x_wconf 89' lang='lat' dir='ltr'>vel.aliam</span> <span class='ocrx_word' id='word_1_331' title='bbox 957 3668 1031 3723; x_wconf 83' lang='lat' dir='ltr'>iuxta</span> <span class='ocrx_word' id='word_1_332' title='bbox 1057 3667 1177 3724; x_wconf 89' lang='lat' dir='ltr'>mulieris</span> <span class='ocrx_word' id='word_1_333' title='bbox 1200 3666 1386 3723; x_wconf 79' lang='lat' dir='ltr'>devotionem.</span> <span class='ocrx_word' id='word_1_334' title='bbox 1421 3662 1443 3720; x_wconf 85' lang='lat' dir='ltr'>Si</span> 
     </span>
    </p>
   </div>
   <div class='ocr_carea' id='block_1_7' title="bbox 125 3749 1489 4675">
    <p class='ocr_par' dir='ltr' id='par_1_9' title="bbox 125 3749 1489 4675">
     <span class='ocr_line' id='line_1_36' title="bbox 131 3749 1443 3824; baseline -0.005 -15"><span class='ocrx_word' id='word_1_335' title='bbox 131 3751 240 3809; x_wconf 79' lang='lat' dir='ltr'>nissam</span> <span class='ocrx_word' id='word_1_336' title='bbox 252 3752 393 3807; x_wconf 90' lang='lat' dir='ltr'>celebrare</span> <span class='ocrx_word' id='word_1_337' title='bbox 407 3767 461 3807; x_wconf 91' lang='lat' dir='ltr'>uon</span> <span class='ocrx_word' id='word_1_338' title='bbox 479 3751 582 3822; x_wconf 78' lang='lat' dir='ltr'>possit,</span> <span class='ocrx_word' id='word_1_339' title='bbox 598 3750 671 3808; x_wconf 89' lang='lat' dir='ltr'>dicat</span> <span class='ocrx_word' id='word_1_340' title='bbox 688 3750 867 3823; x_wconf 83' lang='lat' dir='ltr'>Evangelium</span> <span class='ocrx_word' id='word_1_341' title='bbox 882 3752 989 3808; x_wconf 88' lang='lat' dir='ltr'>loannis</span> <span class='ocrx_word' id='word_1_342' title='bbox 1007 3752 1043 3807; x_wconf 89' lang='lat' dir='ltr'>lu</span> <span class='ocrx_word' id='word_1_343' title='bbox 1061 3751 1248 3824; x_wconf 91' lang='lat' dir='ltr'>principio</span> <span class='ocrx_word' id='word_1_344' title='bbox 1267 3758 1296 3820; x_wconf 80' lang='lat' dir='ltr'>et</span> <span class='ocrx_word' id='word_1_345' title='bbox 1313 3749 1443 3807; x_wconf 85' lang='lat' dir='ltr'>Sacerdos</span> 
     </span>
     <span class='ocr_line' id='line_1_37' title="bbox 131 3835 1444 3909; baseline -0.003 -17"><span class='ocrx_word' id='word_1_346' title='bbox 131 3838 262 3909; x_wconf 80' lang='lat' dir='ltr'>praebeat</span> <span class='ocrx_word' id='word_1_347' title='bbox 278 3835 318 3893; x_wconf 93' lang='lat' dir='ltr'>illi</span> <span class='ocrx_word' id='word_1_348' title='bbox 329 3836 504 3894; x_wconf 90' lang='lat' dir='ltr'>osculandum</span> <span class='ocrx_word' id='word_1_349' title='bbox 522 3835 733 3906; x_wconf 82' lang='lat' dir='ltr'>Evangelium.“</span> <span class='ocrx_word' id='word_1_350' title='bbox 767 3838 868 3908; x_wconf 84' lang='lat' dir='ltr'>lapsus</span> <span class='ocrx_word' id='word_1_351' title='bbox 888 3843 930 3893; x_wconf 89' lang='lat' dir='ltr'>est</span> <span class='ocrx_word' id='word_1_352' title='bbox 944 3836 1116 3894; x_wconf 86' lang='lat' dir='ltr'>Binterimius</span> <span class='ocrx_word' id='word_1_353' title='bbox 1128 3837 1214 3895; x_wconf 88' lang='lat' dir='ltr'>Deuk.</span> <span class='ocrx_word' id='word_1_354' title='bbox 1228 3835 1282 3905; x_wconf 84' lang='lat' dir='ltr'>vl,</span> <span class='ocrx_word' id='word_1_355' title='bbox 1302 3837 1328 3889; x_wconf 80' lang='lat'>2.</span> <span class='ocrx_word' id='word_1_356' title='bbox 1344 3852 1372 3907; x_wconf 85' lang='lat' dir='ltr'>p.</span> <span class='ocrx_word' id='word_1_357' title='bbox 1384 3836 1444 3890; x_wconf 77' lang='lat'><strong>193:</strong></span> 
     </span>
     <span class='ocr_line' id='line_1_38' title="bbox 128 3919 1489 3993; baseline -0.007 -15"><span class='ocrx_word' id='word_1_358' title='bbox 128 3922 201 3992; x_wconf 81' lang='lat' dir='ltr'>„Eia</span> <span class='ocrx_word' id='word_1_359' title='bbox 213 3921 309 3993; x_wconf 79' lang='lat' dir='ltr'>cignea</span> <span class='ocrx_word' id='word_1_360' title='bbox 321 3922 461 3978; x_wconf 85' lang='lat' dir='ltr'>Formular</span> <span class='ocrx_word' id='word_1_361' title='bbox 476 3922 518 3978; x_wconf 88' lang='lat' dir='ltr'>liir</span> <span class='ocrx_word' id='word_1_362' title='bbox 528 3920 605 3977; x_wconf 82' lang='lat' dir='ltr'>dicae</span> <span class='ocrx_word' id='word_1_363' title='bbox 616 3922 706 3977; x_wconf 88' lang='lat' dir='ltr'>llesse</span> <span class='ocrx_word' id='word_1_364' title='bbox 716 3922 753 3978; x_wconf 90' lang='lat' dir='ltr'>ist</span> <span class='ocrx_word' id='word_1_365' title='bbox 763 3921 894 3991; x_wconf 86' lang='lat' dir='ltr'>nirgeuds</span> <span class='ocrx_word' id='word_1_366' title='bbox 907 3921 1081 3992; x_wconf 82' lang='lat' dir='ltr'>verbanden,</span> <span class='ocrx_word' id='word_1_367' title='bbox 1099 3939 1132 3979; x_wconf 87' lang='lat' dir='ltr'>es</span> <span class='ocrx_word' id='word_1_368' title='bbox 1147 3920 1189 3979; x_wconf 87' lang='lat' dir='ltr'>sei</span> <span class='ocrx_word' id='word_1_369' title='bbox 1207 3919 1289 3989; x_wconf 90' lang='lat' dir='ltr'>deun,</span> <span class='ocrx_word' id='word_1_370' title='bbox 1303 3920 1370 3978; x_wconf 86' lang='lat' dir='ltr'>dass</span> <span class='ocrx_word' id='word_1_371' title='bbox 1390 3933 1444 3974; x_wconf 85' lang='lat' dir='ltr'>man</span> <span class='ocrx_word' id='word_1_372' title='bbox 1486 3964 1489 3969; x_wconf 86' lang='lat'>.</span> 
     </span>
     <span class='ocr_line' id='line_1_39' title="bbox 129 4001 1450 4088; baseline -0.005 -24"><span class='ocrx_word' id='word_1_373' title='bbox 129 4006 175 4065; x_wconf 90' lang='lat' dir='ltr'>die</span> <span class='ocrx_word' id='word_1_374' title='bbox 199 4023 253 4064; x_wconf 87' lang='lat' dir='ltr'>von</span> <span class='ocrx_word' id='word_1_375' title='bbox 276 4007 419 4077; x_wconf 86' lang='lat' dir='ltr'>Schultiug</span> <span class='ocrx_word' id='word_1_376' title='bbox 441 4013 520 4063; x_wconf 88' lang='lat' dir='ltr'>unter</span> <span class='ocrx_word' id='word_1_377' title='bbox 541 4006 591 4063; x_wconf 89' lang='lat' dir='ltr'>der</span> <span class='ocrx_word' id='word_1_378' title='bbox 610 4005 762 4062; x_wconf 76' lang='lat' dir='ltr'>Auischriit</span> <span class='ocrx_word' id='word_1_379' title='bbox 783 4007 851 4062; x_wconf 84' lang='lat' dir='ltr'>Pro</span> <span class='ocrx_word' id='word_1_380' title='bbox 876 4006 1008 4071; x_wconf 75' lang='lat' dir='ltr'>devote</span> <span class='ocrx_word' id='word_1_381' title='bbox 1035 4007 1168 4063; x_wconf 84' lang='lat' dir='ltr'>lamina</span> <span class='ocrx_word' id='word_1_382' title='bbox 1189 4006 1374 4076; x_wconf 86' lang='lat' dir='ltr'>angeliilrrten</span> <span class='ocrx_word' id='word_1_383' title='bbox 1393 4001 1450 4088; x_wconf 35' lang='lat' dir='ltr'>drei&#39;</span> 
     </span>
     <span class='ocr_line' id='line_1_40' title="bbox 129 4088 1444 4161; baseline -0.005 -12"><span class='ocrx_word' id='word_1_384' title='bbox 129 4092 380 4152; x_wconf 83' lang='lat' dir='ltr'>illesa-Drationen</span> <span class='ocrx_word' id='word_1_385' title='bbox 397 4093 442 4149; x_wconf 86' lang='lat' dir='ltr'>iiir</span> <span class='ocrx_word' id='word_1_386' title='bbox 461 4092 555 4149; x_wconf 87' lang='lat' dir='ltr'>solche</span> <span class='ocrx_word' id='word_1_387' title='bbox 573 4092 694 4148; x_wconf 81' lang='lat' dir='ltr'>euschen</span> <span class='ocrx_word' id='word_1_388' title='bbox 711 4091 827 4148; x_wconf 79' lang='lat' dir='ltr'>wolle.“</span> <span class='ocrx_word' id='word_1_389' title='bbox 857 4090 946 4149; x_wconf 82' lang='lat' dir='ltr'>l&#39;rimo</span> <span class='ocrx_word' id='word_1_390' title='bbox 963 4090 1030 4149; x_wconf 90' lang='lat' dir='ltr'>illae</span> <span class='ocrx_word' id='word_1_391' title='bbox 1053 4091 1210 4160; x_wconf 83' lang='lat' dir='ltr'>orationes,</span> <span class='ocrx_word' id='word_1_392' title='bbox 1233 4090 1258 4147; x_wconf 94' lang='lat' dir='ltr'>si</span> <span class='ocrx_word' id='word_1_393' title='bbox 1277 4089 1344 4161; x_wconf 90' lang='lat' dir='ltr'>quid</span> <span class='ocrx_word' id='word_1_394' title='bbox 1364 4088 1444 4160; x_wconf 81' lang='lat' dir='ltr'>sapio,</span> 
     </span>
     <span class='ocr_line' id='line_1_41' title="bbox 130 4169 1444 4253; baseline -0.004 -21"><span class='ocrx_word' id='word_1_395' title='bbox 130 4177 237 4235; x_wconf 90' lang='lat' dir='ltr'>minime</span> <span class='ocrx_word' id='word_1_396' title='bbox 259 4184 384 4251; x_wconf 89' lang='lat' dir='ltr'>spectant</span> <span class='ocrx_word' id='word_1_397' title='bbox 405 4176 441 4233; x_wconf 92' lang='lat' dir='ltr'>ad</span> <span class='ocrx_word' id='word_1_398' title='bbox 462 4176 602 4232; x_wconf 90' lang='lat' dir='ltr'>mulierem</span> <span class='ocrx_word' id='word_1_399' title='bbox 618 4184 682 4248; x_wconf 86' lang='lat' dir='ltr'>post</span> <span class='ocrx_word' id='word_1_400' title='bbox 699 4183 806 4249; x_wconf 91' lang='lat' dir='ltr'>partum</span> <span class='ocrx_word' id='word_1_401' title='bbox 824 4176 1055 4233; x_wconf 82' lang='lat' dir='ltr'>benedicendam:</span> <span class='ocrx_word' id='word_1_402' title='bbox 1076 4176 1140 4233; x_wconf 89' lang='lat' dir='ltr'>dein</span> <span class='ocrx_word' id='word_1_403' title='bbox 1159 4173 1247 4253; x_wconf 86' lang='lat' dir='ltr'>(quod</span> <span class='ocrx_word' id='word_1_404' title='bbox 1263 4175 1379 4245; x_wconf 76' lang='lat' dir='ltr'>gravius</span> <span class='ocrx_word' id='word_1_405' title='bbox 1395 4169 1444 4246; x_wconf 84' lang='lat' dir='ltr'>cat)</span> 
     </span>
     <span class='ocr_line' id='line_1_42' title="bbox 131 4259 1445 4336; baseline -0.003 -19"><span class='ocrx_word' id='word_1_406' title='bbox 131 4269 219 4318; x_wconf 85' lang='lat' dir='ltr'>exstat</span> <span class='ocrx_word' id='word_1_407' title='bbox 244 4265 324 4321; x_wconf 87' lang='lat' dir='ltr'>ldissa</span> <span class='ocrx_word' id='word_1_408' title='bbox 354 4261 466 4335; x_wconf 83' lang='lat' dir='ltr'>propria</span> <span class='ocrx_word' id='word_1_409' title='bbox 499 4263 584 4319; x_wconf 85' lang='lat' dir='ltr'>Post</span> <span class='ocrx_word' id='word_1_410' title='bbox 614 4261 778 4318; x_wconf 83' lang='lat' dir='ltr'>Mulieris</span> <span class='ocrx_word' id='word_1_411' title='bbox 807 4262 946 4319; x_wconf 84' lang='lat' dir='ltr'>Portum</span> <span class='ocrx_word' id='word_1_412' title='bbox 975 4279 1038 4336; x_wconf 92' lang='lat' dir='ltr'>pro</span> <span class='ocrx_word' id='word_1_413' title='bbox 1068 4262 1270 4333; x_wconf 79' lang='lat' dir='ltr'>gratiarum</span> <span class='ocrx_word' id='word_1_414' title='bbox 1304 4259 1445 4317; x_wconf 79' lang='lat' dir='ltr'>actione</span> 
     </span>
     <span class='ocr_line' id='line_1_43' title="bbox 127 4322 1445 4429; baseline -0.001 -28"><span class='ocrx_word' id='word_1_415' title='bbox 127 4345 155 4403; x_wconf 91' lang='lat' dir='ltr'>in</span> <span class='ocrx_word' id='word_1_416' title='bbox 178 4347 331 4405; x_wconf 85' lang='lat' dir='ltr'>llisaalihus</span> <span class='ocrx_word' id='word_1_417' title='bbox 352 4348 505 4405; x_wconf 85' lang='lat' dir='ltr'>Gallicanae</span> <span class='ocrx_word' id='word_1_418' title='bbox 531 4347 665 4404; x_wconf 86' lang='lat' dir='ltr'>ecclesias</span> <span class='ocrx_word' id='word_1_419' title='bbox 686 4347 905 4417; x_wconf 79' lang='lat' dir='ltr'>recentioribus,</span> <span class='ocrx_word' id='word_1_420' title='bbox 929 4363 1007 4419; x_wconf 84' lang='lat' dir='ltr'>quam</span> <span class='ocrx_word' id='word_1_421' title='bbox 1035 4348 1131 4418; x_wconf 80' lang='lat' dir='ltr'>legere</span> <span class='ocrx_word' id='word_1_422' title='bbox 1158 4351 1364 4403; x_wconf 83' lang='lat' dir='ltr'>consueverunt</span> <span class='ocrx_word' id='word_1_423' title='bbox 1384 4322 1445 4429; x_wconf 54' lang='grc' dir='ltr'>ὴ</span> 
     </span>
     <span class='ocr_line' id='line_1_44' title="bbox 128 4426 1443 4500; baseline -0.004 -12"><span class='ocrx_word' id='word_1_424' title='bbox 128 4431 348 4489; x_wconf 86' lang='lat' dir='ltr'>Benedictionem</span> <span class='ocrx_word' id='word_1_425' title='bbox 363 4433 493 4490; x_wconf 90' lang='lat' dir='ltr'>mulieris</span> <span class='ocrx_word' id='word_1_426' title='bbox 523 4431 701 4492; x_wconf 82' lang='lat' dir='ltr'>introitus</span> <span class='ocrx_word' id='word_1_427' title='bbox 718 4431 837 4488; x_wconf 88' lang='lat' dir='ltr'>Benedic</span> <span class='ocrx_word' id='word_1_428' title='bbox 855 4433 941 4489; x_wconf 88' lang='lat' dir='ltr'>anima</span> <span class='ocrx_word' id='word_1_429' title='bbox 960 4449 1019 4488; x_wconf 90' lang='lat' dir='ltr'>mea</span> <span class='ocrx_word' id='word_1_430' title='bbox 1031 4432 1172 4489; x_wconf 89' lang='lat' dir='ltr'>Dominum</span> <span class='ocrx_word' id='word_1_431' title='bbox 1187 4439 1239 4487; x_wconf 89' lang='lat' dir='ltr'>etc</span> <span class='ocrx_word' id='word_1_432' title='bbox 1253 4433 1298 4489; x_wconf 76' lang='lat' dir='ltr'>is.</span> <span class='ocrx_word' id='word_1_433' title='bbox 1311 4429 1409 4500; x_wconf 62' lang='lat'><strong>1021.</strong></span> <span class='ocrx_word' id='word_1_434' title='bbox 1420 4426 1443 4480; x_wconf 76' lang='lat'><em>2</em></span> 
     </span>
     <span class='ocr_line' id='line_1_45' title="bbox 128 4512 1445 4590; baseline -0.002 -18"><span class='ocrx_word' id='word_1_435' title='bbox 128 4517 258 4574; x_wconf 88' lang='lat' dir='ltr'>Oratio</span> <span class='ocrx_word' id='word_1_436' title='bbox 307 4519 380 4573; x_wconf 86' lang='lat' dir='ltr'>Deus</span> <span class='ocrx_word' id='word_1_437' title='bbox 413 4518 459 4590; x_wconf 90' lang='lat' dir='ltr'>qui</span> <span class='ocrx_word' id='word_1_438' title='bbox 497 4519 619 4575; x_wconf 87' lang='lat' dir='ltr'>mulieris</span> <span class='ocrx_word' id='word_1_439' title='bbox 648 4517 780 4589; x_wconf 90' lang='lat' dir='ltr'>parientis</span> <span class='ocrx_word' id='word_1_440' title='bbox 799 4515 948 4574; x_wconf 84' lang='lat' dir='ltr'>tristitiam</span> <span class='ocrx_word' id='word_1_441' title='bbox 981 4518 1008 4573; x_wconf 91' lang='lat' dir='ltr'>in</span> <span class='ocrx_word' id='word_1_442' title='bbox 1039 4516 1167 4588; x_wconf 83' lang='lat' dir='ltr'>gaudium</span> <span class='ocrx_word' id='word_1_443' title='bbox 1197 4516 1269 4573; x_wconf 88' lang='lat' dir='ltr'>verti</span> <span class='ocrx_word' id='word_1_444' title='bbox 1304 4512 1445 4576; x_wconf 79' lang='lat' dir='ltr'>concedis·</span> 
     </span>
     <span class='ocr_line' id='line_1_46' title="bbox 125 4593 1444 4675; baseline -0.004 -18"><span class='ocrx_word' id='word_1_445' title='bbox 125 4603 235 4674; x_wconf 87' lang='lat' dir='ltr'>suscipe</span> <span class='ocrx_word' id='word_1_446' title='bbox 257 4603 404 4672; x_wconf 83' lang='lat' dir='ltr'>gratiarum</span> <span class='ocrx_word' id='word_1_447' title='bbox 429 4603 551 4662; x_wconf 87' lang='lat' dir='ltr'>notiones</span> <span class='ocrx_word' id='word_1_448' title='bbox 573 4611 602 4661; x_wconf 90' lang='lat' dir='ltr'>et</span> <span class='ocrx_word' id='word_1_449' title='bbox 625 4620 723 4675; x_wconf 84' lang='lat' dir='ltr'>preces</span> <span class='ocrx_word' id='word_1_450' title='bbox 747 4599 882 4660; x_wconf 78' lang='lat' dir='ltr'>ecclesiae</span> <span class='ocrx_word' id='word_1_451' title='bbox 906 4609 983 4659; x_wconf 90' lang='lat' dir='ltr'>tuae:</span> <span class='ocrx_word' id='word_1_452' title='bbox 1002 4609 1046 4671; x_wconf 77' lang='lat' dir='ltr'>nt,</span> <span class='ocrx_word' id='word_1_453' title='bbox 1068 4618 1138 4673; x_wconf 81' lang='lat' dir='ltr'>qnae</span> <span class='ocrx_word' id='word_1_454' title='bbox 1155 4601 1265 4659; x_wconf 87' lang='lat' dir='ltr'>inlautis</span> <span class='ocrx_word' id='word_1_455' title='bbox 1283 4607 1310 4657; x_wconf 90' lang='lat' dir='ltr'>et</span> <span class='ocrx_word' id='word_1_456' title='bbox 1328 4593 1444 4669; x_wconf 78' lang='lat' dir='ltr'>pereutit</span> 
     </span>
    </p>
   </div>
   <div class='ocr_carea' id='block_1_8' title="bbox 0 0 1606 5176">
    <p class='ocr_par' dir='ltr' id='par_1_10' title="bbox 0 0 1606 5176">
     <span class='ocr_line' id='line_1_47' title="bbox 0 0 1606 5176; baseline 0 4"><span class='ocrx_word' id='word_1_457' title='bbox 0 0 1606 5176; x_wconf 95' lang='lat' dir='ltr'> </span> 
     </span>
    </p>
   </div>
  </div>
 </body>
</html>
