3202 5176
706 308 755 380 tt

244 415 546 550 crememus.
876 409 1243 564 ‘mezaaamcea

139 588 290 663 Oratio
313 590 363 662 ad
384 590 545 665 Pacem.
812 584 1322 687 DieimraaccerdotcOratio
1339 607 1388 679 ad

758 705 1076 801 Pacemposfioe
1093 709 1161 780 diei
1184 711 1386 783 anomaeus.
1523 772 1526 777 .

807 859 1288 956 Hacfiot'tadicatPreebpter:
1301 858 1389 947 Quia

628 971 633 980 '
756 973 793 1035 tu
813 985 853 1036 es
872 983 958 1035 vera
979 981 1049 1057 pax
1065 960 1184 1036 nostra
1208 971 1242 1035 et
1265 965 1389 1039 caritas

633 1132 635 1136 ,
664 1098 672 1105 ·
755 1065 958 1160 indisrupta,
979 1066 1071 1145 viris
1084 1073 1199 1137 tecum
1213 1074 1389 1161 etregnae

756 1190 834 1240 cum
848 1165 977 1263 Spiritu
997 1176 1117 1242 sancto
1141 1189 1229 1242 unus
1243 1165 1340 1243 Daue
1354 1159 1390 1238 in

742 1266 895 1344 'saecula
922 1266 1148 1343 saeculorum.
1197 1273 1240 1363 Pp.
1264 1268 1387 1341 Amen.

805 1424 909 1496 Dicat
924 1420 1102 1515 Presbyter
1120 1424 1260 1496 elecem
1283 1424 1390 1496 moni·

753 1526 861 1599 boia
874 1527 1015 1598 coelam·

807 1625 922 1699 Gratia
949 1627 1017 1698 Dei
1042 1626 1153 1698 Patria
1175 1628 1388 1723 omnipoten-

753 1732 811 1819 tis,
826 1751 898 1824 pax
912 1750 954 1798 ac
969 1727 1109 1798 dilectio
1122 1726 1261 1798 Domini
1279 1730 1390 1801 nostri

754 1830 835 1904 Iesu
850 1828 975 1903 Christi
987 1837 1023 1899 ct
1036 1830 1299 1902 communicatio
1312 1825 1396 1926 Spi⁴

753 1936 840 2006 ritus
859 1933 969 2007 sancti
982 1933 1026 2005 sit
1038 1951 1177 2026 semper
1190 1953 1268 2003 cum
1282 1933 1390 2003 omni-

753 2033 819 2109 hus
837 2034 948 2108 nobis.
997 2037 1040 2127 Pp.
1071 2031 1116 2104 Et
1135 2056 1213 2105 cum
1233 2033 1389 2109 omnibus

753 2136 866 2211 honac
880 2137 1078 2210 voluntatis.

804 2291 908 2364 Dicet
918 2289 1112 2386 Prochyte:
1132 2287 1317 2376 Quomodo
1330 2287 1388 2360 ad·
1465 2320 1474 2327 ·

753 2395 851 2466 statis
879 2414 1002 2487 pacem
1026 2392 1140 2464 facita.
1189 2396 1232 2483 ite.
1263 2391 1388 2463 Pacem

754 2516 867 2564 meam
897 2493 941 2565 do
967 2494 1094 2583 vobis,
1129 2514 1251 2590 pacem
1276 2514 1389 2565 meam

755 2594 959 2667 commendo
973 2595 1092 2682 vobis;
1105 2616 1175 2666 non
1192 2596 1281 2667 sicut
1293 2615 1389 2666 mun-

756 2697 819 2770 dus
847 2695 904 2767 dat
928 2719 1050 2793 pacem
1083 2695 1127 2768 do
1153 2694 1264 2769 vobis.
1317 2692 1389 2768 No-

755 2822 837 2872 vum
863 2798 1058 2871 mandatum
1099 2798 1144 2871 do
1183 2796 1312 2888 vobis,
1352 2807 1390 2870 ut

756 2902 906 2994 diligatis
945 2903 1104 2975 invicem.
1170 2900 1389 2976 flateram:

544 3091 548 3098 Ι
689 3069 692 3073 .
754 3003 882 3076 Pacem
920 3026 1032 3077 meam
1073 3002 1117 3076 do
1157 3001 1268 3079 vobis.
1342 3007 1387 3079 V.

756 3102 875 3179 Gloria
896 3116 932 3178 et
948 3107 1060 3179 honor
1074 3104 1221 3185 Patrict
1241 3104 1330 3178 Pilio
1354 3113 1391 3175 ct

676 3200 680 3207 ’
755 3206 898 3305 Spiritui
919 3216 1038 3284 sancto
1059 3211 1093 3281 in
1112 3206 1254 3283 saecula
1267 3229 1389 3283 saecu-

756 3313 878 3384 lorum.
909 3313 1113 3395 Retteratw
1126 3310 1253 3384 Pacem
1266 3331 1387 3383 meam.

806 3468 943 3541 Interim
983 3467 1115 3563 quondo
1148 3465 1275 3537 ctam
1312 3463 1392 3535 dccc

756 3571 883 3644 Pacem
905 3591 1018 3641 meam
1046 3570 1190 3662 accipim
1222 3567 1391 3638 Sacerdos

752 3695 875 3770 penem
891 3674 933 3743 dc
943 3681 1070 3765 patena
1081 3671 1219 3742 dicendo
1233 3670 1299 3740 oio:
1320 3665 1389 3738 Ha-

717 3834 721 3839 .
755 3775 837 3847 bata
852 3774 1008 3844 osculum
1024 3772 1217 3844 dilectionis
1230 3779 1265 3842 et
1278 3770 1389 3865 pacis,

756 3886 794 3948 ut
807 3877 876 3971 apti
889 3877 962 3950 sitis
977 3873 1388 3967 sacrosanctismyeteriis

757 3978 833 4051 Dei.
860 3978 1022 4053 Elotatt’m
1035 3981 1225 4073 datpoccm
1236 3976 1389 4049 Diacono

756 4083 811 4154 ccl
824 4104 930 4176 patero
949 4089 982 4153 ei
1001 4106 1088 4178 puer
1101 4083 1232 4178 popolo.
1268 4078 1389 4150 Poetec

756 4185 943 4257 inclinatae
964 4184 1264 4258 sanctarenae
1282 4179 1387 4248 manc

756 4288 816 4360 baca
841 4297 874 4360 ct
897 4287 1003 4360 dicet.⁸
1032 4286 1183 4359 Introibo
1212 4280 1255 4351 ad
1278 4278 1387 4352 altare

756 4390 832 4460 Dei.
867 4394 910 4481 Ite.
938 4389 997 4462 Ad
1008 4390 1132 4475 Deum,
1152 4386 1209 4479 qui
1228 4380 1388 4455 laetificat

755 4493 967 4565 iuventutem
980 4513 1098 4564 meam.
1130 4485 1305 4583 Presbyter
1317 4508 1393 4579 aeo-¹

605 4594 611 4604 ’
756 4619 832 4670 mm
845 4605 953 4693 ponat
971 4591 1218 4690 superemmens
1237 4599 1271 4664 et
1280 4590 1389 4662 timot:
