3202 5176
778 316 850 434 err

158 554 288 614 ctionem
313 561 411 629 tergat
434 551 499 613 loca
520 554 638 614 inaucta
661 553 784 642 globula
806 553 953 629 bombasii
973 558 1023 618 vel
1046 560 1089 618 rei
1112 559 1215 620 similis
1237 579 1331 640 caque
1354 565 1383 623 in
1398 580 1470 624 rese

158 654 268 717 mundo
290 664 416 736 reponat
437 664 466 715 et
485 655 520 714 ad
536 656 692 716 ecclesiam
705 667 810 734 postea
825 657 957 737 deierat,
979 661 1130 722 comburat
1144 664 1320 742 cineresque
1335 667 1470 744 proiiciat

157 777 186 818 ln
202 776 370 818 sacrarium.
813 837 820 849 ,

258 853 316 922 Aa
336 873 443 921 aures.
501 891 547 902 -
574 889 626 902 -
651 873 715 947 per
738 850 889 922 auditum
913 852 1093 947 deliquisti.
1103 853 1133 952 1)

258 955 443 1026 Adnores.
500 993 546 1004 -
568 954 624 1005 '-
650 975 714 1048 per
741 954 921 1025 odoratum
944 954 1186 1054 deliquistij),

256 1057 315 1127 Ad
334 1078 373 1126 os
394 1060 588 1147 compressis
607 1056 713 1127 lobiis.
771 1098 817 1109 -
848 1098 894 1109 -
924 1057 1085 1153 quidquid
1113 1084 1176 1154 per
1202 1071 1339 1153 gustum
1362 1061 1396 1132 et
1419 1062 1471 1133 lo-

155 1159 328 1228 cutionem
355 1154 578 1253 deliquisti.³)

256 1262 314 1331 Ad
332 1283 455 1330 monus.
510 1301 558 1311 -
588 1301 635 1311 -
663 1281 726 1353 per
751 1269 876 1331 tactum
900 1261 1081 1356 deliquisti.

256 1364 313 1450 Ad
331 1364 440 1455 pedes.
496 1403 543 1413 -
573 1404 620 1414 —
647 1382 710 1457 per
734 1384 891 1453 gressum
919 1363 1100 1458 deliquisti
1110 1361 1146 1462 4)

253 1467 311 1537 Aa
329 1464 453 1535 lonsdos
472 1469 542 1534 sice
562 1488 667 1535 renes.
724 1505 771 1515 -
801 1505 847 1516 -
877 1465 1038 1560 quidquid
1070 1490 1134 1561 per
1154 1464 1349 1595 lumborum
1376 1467 1470 1539 dele-

153 1570 338 1637 ctationem
361 1565 534 1657 deliquisti
556 1564 597 1634 cl.
622 1587 653 1659 p
678 1568 762 1636 322.
772 1562 805 1660 5)

257 1676 369 1750 Quibus
397 1676 531 1739 omnibus
559 1676 686 1754 peractis
712 1675 860 1736 Sacerdos
889 1676 972 1735 dicit:
1001 1667 1109 1762 Kyrie
1138 1668 1282 1741 eleison
1334 1668 1475 1742 Christe

151 1769 298 1841 eleison.
352 1767 459 1862 Kyrie
481 1767 626 1839 eleison
680 1767 783 1839 Pater
803 1777 923 1840 noster
946 1779 1008 1838 ete.
1053 1770 1096 1840 Et
1118 1790 1163 1839 ue
1184 1791 1248 1842 nos
1270 1771 1443 1841 inducas
1435 1793 1469 1840 m

149 1873 382 1943 tentationem.
435 1873 477 1958 Pp.
514 1866 585 1940 Sed
618 1868 727 1940 libera
757 1891 821 1941 nos
855 1892 875 1939 a
907 1872 1008 1941 malo.
1033 1855 1205 1943 Salvum
1238 1868 1294 1942 ¹fac
1328 1894 1468 1945 servum
1547 1868 1551 1873 ’

148 1983 253 2043 tuum.
307 1970 469 2061 lbDeus
487 1990 585 2043 meus
607 1975 831 2075 sperantem
822 1994 856 2042 ιι
876 1982 921 2042 te.
966 1971 1062 2044 Mitte
1083 1976 1118 2044 ei
1138 1972 1286 2044 Domine
1305 1975 1467 2067 auxilium

149 2075 195 2144 de
216 2083 343 2146 sancto.
382 2078 425 2163 Ι)
453 2071 498 2144 Et
520 2072 564 2144 de
587 2070 672 2146 Sion
691 2060 791 2145 tuere
812 2096 899 2144 eum
937 2073 1027 2148 Esto
1051 2079 1083 2146 ei
1103 2075 1250 2147 Domine
1272 2079 1375 2148 turris
1396 2077 1468 2149 ior-

148 2174 310 2247 titudinis.
364 2181 406 2263 Ι).
441 2175 476 2246 A
498 2175 623 2254 facie
614 2178 748 2247 mimici.
797 2174 889 2246 Nihil
912 2176 1098 2271 proficiat
1083 2180 1244 2249 mimicus
1265 2180 1300 2246 in
1322 2198 1374 2248 eo
1422 2183 1464 2268 lb.

147 2275 194 2348 Et
219 2275 308 2349 lilius
334 2279 517 2371 iniquitatis
543 2298 614 2347 uon
641 2287 791 2373 opponat
816 2299 946 2349 nocere
974 2281 1015 2348 ei.
1063 2279 1216 2350 ‘Domine
1240 2279 1366 2348 exaudi
1389 2302 1466 2351 ora-

147 2382 277 2450 tionem
298 2400 418 2448 meam.
472 2383 514 2469 lb.
539 2376 583 2448 Et
606 2378 736 2449 clamor
759 2400 856 2453 meus
880 2377 929 2449 ad
944 2390 977 2450 te
999 2382 1122 2450 veniat.
1161 2378 1328 2453 Dominus
1348 2381 1465 2453 vobis-

147 2503 235 2565 cum.
290 2485 331 2567 lb
359 2479 404 2550 Et
425 2501 504 2549 cum
525 2481 646 2574 spiritu
667 2489 736 2550 tuo.

253 2580 408 2654 Oramus.
444 2580 591 2652 Domine
605 2580 714 2669 Deus,
736 2583 793 2672 qui
811 2604 874 2676 per
887 2580 1095 2674 Apostolum
1113 2589 1206 2650 tuum
1222 2579 1388 2716 Iacobum
1398 2592 1461 2653 eto.

146 2685 190 2756 cf.
196 2707 243 2780 p.
266 2687 349 2756 310

250 2785 405 2857 Oremus
450 2783 600 2879 Respice
620 2803 827 2877 quaesumus
842 2779 991 2850 Domine
1007 2780 1170 2850 famulum
1192 2780 1340 2852 tuumN.
1362 2785 1396 2852 in
1414 2787 1463 2854 in·
1561 2818 1574 2842 ι

145 2887 324 2960 firmitate
325 2889 481 2981 corporis
508 2889 561 2959 sui
583 2884 798 2955 fatiscentem
821 2892 855 2953 et
878 2885 1022 2952 animam
1044 2881 1169 2954 refove
1191 2905 1290 2977 quam
1319 2889 1461 2958 creasti:

144 3002 182 3062 ut
202 2988 481 3081 castigationibus
504 2983 703 3057 emendatus
724 3006 763 3057 se
784 2994 840 3054 tua
861 2986 984 3057 sentiat
1002 2983 1170 3055 medicina
1184 2986 1361 3059 salvatum.
1393 2987 1462 3058 Per

144 3090 315 3164 Christum
337 3091 519 3160 Dominum
538 3094 700 3159 nostrum
755 3086 877 3157 Amen.
888 3083 920 3181 ⁶)

248 3190 402 3262 Oremus.
456 3189 603 3258 Domine
630 3197 769 3276 sancte,
796 3188 899 3258 Pater
922 3191 1155 3282 omnipotens,
1181 3163 1322 3259 aeterne
1343 3188 1457 3260 Deus:

144 3298 201 3391 qui
222 3290 470 3366 benedictionis
490 3297 570 3360 tuae
593 3290 736 3380 gratiam
754 3292 869 3380 aegris
889 3288 1098 3359 infundendo
1118 3289 1368 3384 corporibus,f
1366 3302 1458 3361 actu
1485 3298 1490 3308 '

141 3418 215 3467 ram
237 3405 327 3466 tuam
350 3392 528 3527 multiplici
547 3392 673 3486 pietate
697 3390 867 3472 custodisz
902 3391 944 3460 ad
966 3391 1220 3462 invocationem
1243 3395 1292 3467 tui
1311 3396 1456 3466 nominis

206 3612 234 3688 1)
206 3609 383 3669 lScilicet
376 3627 402 3664 m
417 3609 509 3665 lobulo
524 3608 591 3665 vel
583 3625 636 3665 rma
648 3610 783 3681 auricula,
797 3626 851 3667 non
865 3609 893 3665 in
908 3610 995 3666 lrslite
1008 3610 1070 3665 vel'
1064 3627 1090 3664 m
1103 3610 1212 3666 alveolo
1225 3611 1359 3684 eiusdem,
1372 3621 1400 3669 at
1412 3615 1453 3671 la·

140 3694 413 3768 cillustergipossit
1453 3743 1457 3748 ,

201 3778 234 3858 2)
247 3782 349 3852 Nempe
361 3777 396 3834 ad
406 3778 513 3834 uarices
521 3793 614 3850 ‚quae
625 3783 688 3833 sunt
699 3793 757 3833 nasu
750 3777 829 3833 alae
840 3778 985 3848 laterales,
1002 3777 1036 3832 ad
1048 3777 1200 3834 evitandam
1215 3784 1450 3854 sternutationem,

139 3885 184 3940 qur
176 3867 275 3922 aliter
286 3863 412 3920 iaciendo
424 3863 504 3918 iacula
516 3863 644 3918 omretur
1284 3899 1288 3905 -

202 3946 235 4027 3)
249 3950 304 4006 Sed
318 3966 342 4005 su
334 3940 473 4003 lullrmus
488 3962 543 4005 non
554 3946 677 4016 audiret,
691 3952 720 4001 et
731 3953 806 4002 asset
816 3945 843 4001 in
856 3961 947 4016 agone
958 3945 1065 4018 positus
1077 3961 1126 4001 ore
1137 3948 1230 4018 hianti,
1242 3956 1305 4006 tnnc
1313 3950 1449 4005 Sacerdos

139 4050 192 4090 uou
205 4034 287 4091 debet
302 4048 419 4102 curare,
436 4040 465 4087 ut
477 4031 549 4086 labia
563 4031 784 4103 comprimantur,
800 4031 835 4085 no
849 4031 942 4085 clauso
958 4046 1009 4085 ore
1023 4030 1169 4101 respiratio
1180 4033 1386 4103 intercludatur,
1399 4033 1447 4087 sed

139 4120 238 4176 suflicit
249 4126 279 4175 ut
293 4118 392 4174 labium
403 4133 453 4172 seu
464 4115 589 4187 superius
604 4132 653 4170 seu
667 4115 782 4170 inferius
796 4121 881 4185 ungat
892 4112 927 4169 ad
938 4114 1041 4170 libitum
1052 4131 1136 4171 ιιιιιιι.

198 4201 231 4280 4)
242 4204 316 4260 Fieri
326 4202 398 4268 solet
409 4200 443 4256 ad
455 4206 628 4255 metatarsum
637 4198 725 4272 pedis.
747 4199 775 4254 si
786 4214 855 4254 vero
866 4198 989 4255 Iniirmua
1001 4210 1054 4254 non
1065 4199 1154 4255 valeat
1165 4201 1248 4272 pedes
1259 4215 1370 4255 movere
1382 4215 1448 4270 prae
1471 4202 1473 4207 '

137 4288 286 4344 laxitudiue
298 4304 332 4342 ex
343 4287 439 4342 morbo
451 4284 642 4356 proveniente,
657 4291 776 4352 uagatur
791 4298 822 4337 ea
835 4298 899 4354 pars
913 4299 982 4354 quae
994 4283 1135 4338 commoda
1149 4283 1236 4353 magis
1247 4289 1363 4354 prostat.

200 4369 232 4445 5)
247 4371 327 4442 Apud
348 4369 509 4425 nonnullos:
529 4398 571 4408 -
589 4398 630 4411 »-
652 4366 725 4438 quod
740 4382 791 4438 per
800 4366 931 4422 'ardorem
946 4367 1065 4423 libidinis
1079 4367 1223 4438 deliquisti.
1259 4368 1374 4437 Agenda
1389 4369 1447 4429 llo-¹

137 4450 320 4514 narn'nullan
332 4454 397 4510 iacit
407 4454 557 4509 lumborum
573 4451 746 4519 mentionem,
760 4463 847 4523 aeque
858 4451 939 4522 atque
952 4452 1056 4507 Rituale
1067 4452 1238 4506 Trevirense.

198 4536 228 4612 6)
242 4537 353 4607 Legitur
369 4536 657 4607 iusserambiregor.
677 4535 890 4592 inii‘rmit'ate
909 4536 1135 4591 laborantem
1153 4563 1189 4576 -
1208 4535 1444 4596 emendata„-

136 4621 369 4680 continebas
391 4629 446 4679 tua
466 4639 538 4678 ms.
560 4621 739 4679 salvatam.

1198 4704 1343 4766 23,
