<?xml version="1.0" encoding="UTF-8"?>
<!DOCTYPE html PUBLIC "-//W3C//DTD XHTML 1.0 Transitional//EN"
    "http://www.w3.org/TR/xhtml1/DTD/xhtml1-transitional.dtd">
<html xmlns="http://www.w3.org/1999/xhtml" xml:lang="en" lang="en">
 <head>
  <title>
</title>
<meta http-equiv="Content-Type" content="text/html;charset=utf-8" />
  <meta name='ocr-system' content='tesseract 3.04.00' />
  <meta name='ocr-capabilities' content='ocr_page ocr_carea ocr_par ocr_line ocrx_word'/>
</head>
<body>
  <div class='ocr_page' id='page_1' title='image "./codexliturgicus02danigoog_0346.png"; bbox 0 0 3202 5176; ppageno 0'>
   <div class='ocr_carea' id='block_1_1' title="bbox 618 242 795 384">
    <p class='ocr_par' dir='ltr' id='par_1_1' title="bbox 618 242 795 384">
     <span class='ocr_line' id='line_1_1' title="bbox 765 242 795 287; baseline 0 0"><span class='ocrx_word' id='word_1_1' title='bbox 765 242 795 287; x_wconf 66' lang='lat' dir='ltr'><strong>:a</strong></span> 
     </span>
     <span class='ocr_line' id='line_1_2' title="bbox 618 314 776 384; baseline 0 0"><span class='ocrx_word' id='word_1_2' title='bbox 618 340 621 347; x_wconf 72' lang='grc'>’</span> <span class='ocrx_word' id='word_1_3' title='bbox 700 314 776 384; x_wconf 71' lang='grc'><strong>808</strong></span> 
     </span>
    </p>
   </div>
   <div class='ocr_carea' id='block_1_2' title="bbox 37 484 1380 1206">
    <p class='ocr_par' dir='ltr' id='par_1_2' title="bbox 72 484 1378 593">
     <span class='ocr_line' id='line_1_3' title="bbox 72 484 1378 593; baseline -0.004 -24"><span class='ocrx_word' id='word_1_4' title='bbox 72 507 175 593; x_wconf 89' lang='lat' dir='ltr'><strong>atque</strong></span> <span class='ocrx_word' id='word_1_5' title='bbox 200 484 414 570; x_wconf 80' lang='lat' dir='ltr'><strong>invocandos</strong></span> <span class='ocrx_word' id='word_1_6' title='bbox 441 518 540 586; x_wconf 60' lang='lat' dir='ltr'><strong>essm</strong></span> <span class='ocrx_word' id='word_1_7' title='bbox 570 516 702 592; x_wconf 90' lang='lat' dir='ltr'><strong>eosque</strong></span> <span class='ocrx_word' id='word_1_8' title='bbox 726 500 911 571; x_wconf 88' lang='lat' dir='ltr'><strong>orationes</strong></span> <span class='ocrx_word' id='word_1_9' title='bbox 926 498 1003 569; x_wconf 89' lang='lat' dir='ltr'><strong>Deo</strong></span> <span class='ocrx_word' id='word_1_10' title='bbox 1030 497 1221 591; x_wconf 89' lang='lat' dir='ltr'><strong>pro-nobis</strong></span> <span class='ocrx_word' id='word_1_11' title='bbox 1248 497 1378 590; x_wconf 70' lang='lat' dir='ltr'><strong>offerro</strong></span> 
     </span>
    </p>

    <p class='ocr_par' dir='ltr' id='par_1_3' title="bbox 67 599 1366 799">
     <span class='ocr_line' id='line_1_4' title="bbox 67 599 1302 749; baseline 0 -77"><span class='ocrx_word' id='word_1_12' title='bbox 67 610 174 749; x_wconf 87' lang='lat' dir='ltr'><strong>atque</strong></span> <span class='ocrx_word' id='word_1_13' title='bbox 196 621 317 671; x_wconf 91' lang='lat' dir='ltr'><strong>eorum</strong></span> <span class='ocrx_word' id='word_1_14' title='bbox 339 599 517 694; x_wconf 83' lang='lat' dir='ltr'>Reliquias</span> <span class='ocrx_word' id='word_1_15' title='bbox 545 621 624 671; x_wconf 92' lang='lat' dir='ltr'><strong>esse</strong></span> <span class='ocrx_word' id='word_1_16' title='bbox 646 600 912 673; x_wconf 83' lang='lat' dir='ltr'><strong>venerandas.</strong></span> <span class='ocrx_word' id='word_1_17' title='bbox 1296 629 1302 637; x_wconf 61' lang='lat'>¹</span> 
     </span>
     <span class='ocr_line' id='line_1_5' title="bbox 172 688 1378 799; baseline 0 -27"><span class='ocrx_word' id='word_1_18' title='bbox 172 700 382 773; x_wconf 78' lang='lat' dir='ltr'><strong>Firmissime</strong></span> <span class='ocrx_word' id='word_1_19' title='bbox 405 723 539 789; x_wconf 67' lang='lat' dir='ltr'><strong>assero,</strong></span> <span class='ocrx_word' id='word_1_20' title='bbox 558 704 723 793; x_wconf 84' lang='lat' dir='ltr'><strong>imagines</strong></span> <span class='ocrx_word' id='word_1_21' title='bbox 744 699 870 775; x_wconf 75' lang='lat' dir='ltr'><strong>Christi</strong></span> <span class='ocrx_word' id='word_1_22' title='bbox 890 724 930 772; x_wconf 92' lang='lat' dir='ltr'><strong>ac</strong></span> <span class='ocrx_word' id='word_1_23' title='bbox 953 700 1125 796; x_wconf 90' lang='lat' dir='ltr'><strong>Deiparac</strong></span> <span class='ocrx_word' id='word_1_24' title='bbox 1149 724 1286 799; x_wconf 85' lang='lat' dir='ltr'><strong>semper</strong></span> <span class='ocrx_word' id='word_1_25' title='bbox 1309 688 1378 774; x_wconf 84' lang='lat' dir='ltr'><strong>Vr</strong></span> 
     </span>
    </p>

    <p class='ocr_par' dir='ltr' id='par_1_4' title="bbox 72 801 1379 898">
     <span class='ocr_line' id='line_1_6' title="bbox 72 801 1379 898; baseline -0.001 -21"><span class='ocrx_word' id='word_1_26' title='bbox 72 806 184 898; x_wconf 74' lang='lat' dir='ltr'><strong>ginis,</strong></span> <span class='ocrx_word' id='word_1_27' title='bbox 195 825 332 875; x_wconf 81' lang='lat' dir='ltr'><strong>necnon</strong></span> <span class='ocrx_word' id='word_1_28' title='bbox 354 805 500 874; x_wconf 89' lang='lat' dir='ltr'><strong>aliorum</strong></span> <span class='ocrx_word' id='word_1_29' title='bbox 526 801 729 874; x_wconf 86' lang='lat' dir='ltr'><strong>Sanctorum</strong></span> <span class='ocrx_word' id='word_1_30' title='bbox 754 804 929 876; x_wconf 89' lang='lat' dir='ltr'><strong>habendas</strong></span> <span class='ocrx_word' id='word_1_31' title='bbox 949 813 984 874; x_wconf 89' lang='lat' dir='ltr'><strong>et</strong></span> <span class='ocrx_word' id='word_1_32' title='bbox 1004 804 1201 878; x_wconf 89' lang='lat' dir='ltr'><strong>retinendas</strong></span> <span class='ocrx_word' id='word_1_33' title='bbox 1225 815 1379 895; x_wconf 60' lang='lat' dir='ltr'><strong>esseut-</strong></span> 
     </span>
    </p>

    <p class='ocr_par' dir='ltr' id='par_1_5' title="bbox 37 905 1379 1103">
     <span class='ocr_line' id='line_1_7' title="bbox 37 905 1215 1002; baseline 0 -25"><span class='ocrx_word' id='word_1_34' title='bbox 37 916 42 923; x_wconf 83' lang='grc'><em>’</em></span> <span class='ocrx_word' id='word_1_35' title='bbox 73 929 140 1002; x_wconf 90' lang='lat' dir='ltr'><strong>que</strong></span> <span class='ocrx_word' id='word_1_36' title='bbox 168 908 218 978; x_wconf 88' lang='lat' dir='ltr'><strong>eis</strong></span> <span class='ocrx_word' id='word_1_37' title='bbox 246 905 395 976; x_wconf 86' lang='lat' dir='ltr'><strong>debitum</strong></span> <span class='ocrx_word' id='word_1_38' title='bbox 414 905 580 977; x_wconf 88' lang='lat' dir='ltr'><strong>honorem</strong></span> <span class='ocrx_word' id='word_1_39' title='bbox 608 915 641 976; x_wconf 93' lang='lat' dir='ltr'><strong>et</strong></span> <span class='ocrx_word' id='word_1_40' title='bbox 661 909 921 977; x_wconf 86' lang='lat' dir='ltr'><strong>venerationem</strong></span> <span class='ocrx_word' id='word_1_41' title='bbox 948 907 1215 1000; x_wconf 80' lang='lat' dir='ltr'><strong>impertiendam</strong></span> 
     </span>
     <span class='ocr_line' id='line_1_8' title="bbox 174 1006 1379 1103; baseline 0.003 -25"><span class='ocrx_word' id='word_1_42' title='bbox 174 1007 466 1100; x_wconf 85' lang='lat' dir='ltr'><strong>Indulgentiarum</strong></span> <span class='ocrx_word' id='word_1_43' title='bbox 483 1010 586 1088; x_wconf 84' lang='lat' dir='ltr'><strong>etiam</strong></span> <span class='ocrx_word' id='word_1_44' title='bbox 603 1018 808 1103; x_wconf 89' lang='lat' dir='ltr'><strong>potestatem</strong></span> <span class='ocrx_word' id='word_1_45' title='bbox 822 1031 841 1077; x_wconf 92' lang='lat' dir='ltr'><strong>a</strong></span> <span class='ocrx_word' id='word_1_46' title='bbox 857 1006 1019 1080; x_wconf 91' lang='lat' dir='ltr'><strong>Christo</strong></span> <span class='ocrx_word' id='word_1_47' title='bbox 1009 1030 1045 1078; x_wconf 91' lang='lat' dir='ltr'><strong>m</strong></span> <span class='ocrx_word' id='word_1_48' title='bbox 1057 1009 1216 1083; x_wconf 80' lang='lat' dir='ltr'><strong>Ecclesia</strong></span> <span class='ocrx_word' id='word_1_49' title='bbox 1233 1008 1379 1082; x_wconf 90' lang='lat' dir='ltr'><strong>relictan</strong></span> 
     </span>
    </p>

    <p class='ocr_par' dir='ltr' id='par_1_6' title="bbox 70 1098 1380 1206">
     <span class='ocr_line' id='line_1_9' title="bbox 70 1098 1380 1206; baseline 0.005 -26"><span class='ocrx_word' id='word_1_50' title='bbox 70 1109 201 1198; x_wconf 80' lang='lat' dir='ltr'><strong>fuisse,</strong></span> <span class='ocrx_word' id='word_1_51' title='bbox 214 1109 419 1203; x_wconf 88' lang='lat' dir='ltr'><strong>illarumque</strong></span> <span class='ocrx_word' id='word_1_52' title='bbox 441 1132 539 1182; x_wconf 90' lang='lat' dir='ltr'><strong>usum</strong></span> <span class='ocrx_word' id='word_1_53' title='bbox 562 1107 754 1182; x_wconf 88' lang='lat' dir='ltr'><strong>Christiano</strong></span> <span class='ocrx_word' id='word_1_54' title='bbox 779 1098 909 1206; x_wconf 89' lang='lat' dir='ltr'><strong>populo</strong></span> <span class='ocrx_word' id='word_1_55' title='bbox 933 1113 1080 1182; x_wconf 88' lang='lat' dir='ltr'><strong>maxime</strong></span> <span class='ocrx_word' id='word_1_56' title='bbox 1103 1112 1287 1185; x_wconf 89' lang='lat' dir='ltr'><strong>salutarem</strong></span> <span class='ocrx_word' id='word_1_57' title='bbox 1310 1134 1380 1186; x_wconf 73' lang='lat' dir='ltr'><strong>ess</strong></span> 
     </span>
    </p>
   </div>
   <div class='ocr_carea' id='block_1_3' title="bbox 72 1209 215 1285">
    <p class='ocr_par' dir='ltr' id='par_1_7' title="bbox 72 1209 215 1285">
     <span class='ocr_line' id='line_1_10' title="bbox 72 1209 215 1285; baseline 0 -3"><span class='ocrx_word' id='word_1_58' title='bbox 72 1209 215 1285; x_wconf 86' lang='lat' dir='ltr'><strong>aliirmo</strong></span> 
     </span>
    </p>
   </div>
   <div class='ocr_carea' id='block_1_4' title="bbox 140 1309 1379 1409">
    <p class='ocr_par' dir='ltr' id='par_1_8' title="bbox 140 1309 1379 1409">
     <span class='ocr_line' id='line_1_11' title="bbox 140 1309 1379 1409; baseline 0 -23"><span class='ocrx_word' id='word_1_59' title='bbox 140 1311 334 1387; x_wconf 83' lang='lat' dir='ltr'><strong>Sanctam</strong></span> <span class='ocrx_word' id='word_1_60' title='bbox 352 1309 562 1384; x_wconf 90' lang='lat' dir='ltr'><strong>Catholicam</strong></span> <span class='ocrx_word' id='word_1_61' title='bbox 580 1323 615 1385; x_wconf 93' lang='lat' dir='ltr'><strong>et</strong></span> <span class='ocrx_word' id='word_1_62' title='bbox 632 1315 871 1409; x_wconf 91' lang='lat' dir='ltr'><strong>Apostolioum</strong></span> <span class='ocrx_word' id='word_1_63' title='bbox 888 1315 1078 1386; x_wconf 89' lang='lat' dir='ltr'><strong>Romanam</strong></span> <span class='ocrx_word' id='word_1_64' title='bbox 1093 1314 1300 1403; x_wconf 63' lang='lat' dir='ltr'><strong>Ecclesiam,</strong></span> <span class='ocrx_word' id='word_1_65' title='bbox 1318 1333 1379 1386; x_wconf 76' lang='lat' dir='ltr'><strong>tn-</strong></span> 
     </span>
    </p>
   </div>
   <div class='ocr_carea' id='block_1_5' title="bbox 71 1367 1538 1537">
    <p class='ocr_par' dir='ltr' id='par_1_9' title="bbox 71 1367 1538 1537">
     <span class='ocr_line' id='line_1_12' title="bbox 71 1367 1538 1537; baseline 0.002 -52"><span class='ocrx_word' id='word_1_66' title='bbox 71 1367 164 1487; x_wconf 88' lang='lat' dir='ltr'><strong>nium</strong></span> <span class='ocrx_word' id='word_1_67' title='bbox 185 1413 583 1507; x_wconf 70' lang='lat' dir='ltr'><strong>Ecclesiarum&#39;lllatrem</strong></span> <span class='ocrx_word' id='word_1_68' title='bbox 600 1427 635 1486; x_wconf 90' lang='lat' dir='ltr'><strong>et</strong></span> <span class='ocrx_word' id='word_1_69' title='bbox 651 1415 852 1537; x_wconf 81' lang='lat' dir='ltr'><strong>Magistram</strong></span> <span class='ocrx_word' id='word_1_70' title='bbox 870 1438 1037 1510; x_wconf 77' lang='lat' dir='ltr'><strong>agnosco,</strong></span> <span class='ocrx_word' id='word_1_71' title='bbox 1055 1415 1282 1537; x_wconf 82' lang='lat' dir='ltr'><strong>Romanoque</strong></span> <span class='ocrx_word' id='word_1_72' title='bbox 1300 1416 1380 1488; x_wconf 84' lang='lat' dir='ltr'><strong>lon·</strong></span> <span class='ocrx_word' id='word_1_73' title='bbox 1445 1502 1447 1505; x_wconf 17' lang='lat'>¹</span> <span class='ocrx_word' id='word_1_74' title='bbox 1530 1491 1538 1497; x_wconf 77' lang='grc'><strong>,</strong></span> 
     </span>
    </p>
   </div>
   <div class='ocr_carea' id='block_1_6' title="bbox 69 1502 1391 2425">
    <p class='ocr_par' dir='ltr' id='par_1_10' title="bbox 71 1502 1380 1714">
     <span class='ocr_line' id='line_1_13' title="bbox 71 1502 1380 1613; baseline 0.002 -26"><span class='ocrx_word' id='word_1_75' title='bbox 71 1517 163 1604; x_wconf 69' lang='grc' dir='ltr'>ιίίὶιί,</span> <span class='ocrx_word' id='word_1_76' title='bbox 189 1502 282 1588; x_wconf 87' lang='lat' dir='ltr'><strong>beati</strong></span> <span class='ocrx_word' id='word_1_77' title='bbox 307 1517 401 1587; x_wconf 87' lang='lat' dir='ltr'><strong>Petri</strong></span> <span class='ocrx_word' id='word_1_78' title='bbox 425 1517 677 1612; x_wconf 78' lang='lat' dir='ltr'><strong>Apostolorum</strong></span> <span class='ocrx_word' id='word_1_79' title='bbox 697 1521 860 1613; x_wconf 89' lang='lat' dir='ltr'><strong>principis</strong></span> <span class='ocrx_word' id='word_1_80' title='bbox 882 1522 1099 1593; x_wconf 89' lang='lat' dir='ltr'><strong>succcessori</strong></span> <span class='ocrx_word' id='word_1_81' title='bbox 1119 1541 1161 1588; x_wconf 91' lang='lat' dir='ltr'><strong>ac</strong></span> <span class='ocrx_word' id='word_1_82' title='bbox 1183 1519 1269 1593; x_wconf 89' lang='lat' dir='ltr'><strong>lesu</strong></span> <span class='ocrx_word' id='word_1_83' title='bbox 1294 1517 1380 1590; x_wconf 86' lang='lat' dir='ltr'><strong>(hri-</strong></span> 
     </span>
     <span class='ocr_line' id='line_1_14' title="bbox 71 1616 1053 1714; baseline -0.001 -22"><span class='ocrx_word' id='word_1_84' title='bbox 71 1623 117 1692; x_wconf 89' lang='lat' dir='ltr'><strong>sti</strong></span> <span class='ocrx_word' id='word_1_85' title='bbox 141 1617 295 1705; x_wconf 74' lang='lat' dir='ltr'><strong>Vicario,</strong></span> <span class='ocrx_word' id='word_1_86' title='bbox 321 1616 442 1692; x_wconf 88' lang='lat' dir='ltr'><strong>veram</strong></span> <span class='ocrx_word' id='word_1_87' title='bbox 469 1618 698 1689; x_wconf 79' lang='lat' dir='ltr'><strong>obedientiam</strong></span> <span class='ocrx_word' id='word_1_88' title='bbox 725 1619 880 1714; x_wconf 89' lang='lat' dir='ltr'><strong>spondeo</strong></span> <span class='ocrx_word' id='word_1_89' title='bbox 904 1642 946 1688; x_wconf 90' lang='lat' dir='ltr'><strong>ac</strong></span> <span class='ocrx_word' id='word_1_90' title='bbox 966 1623 1053 1691; x_wconf 89' lang='lat' dir='ltr'><strong>iuro</strong></span> 
     </span>
    </p>

    <p class='ocr_par' dir='ltr' id='par_1_11' title="bbox 69 1716 1391 2425">
     <span class='ocr_line' id='line_1_15' title="bbox 176 1716 1391 1809; baseline 0.003 -19"><span class='ocrx_word' id='word_1_91' title='bbox 176 1716 322 1790; x_wconf 84' lang='lat' dir='ltr'><strong>Caetera</strong></span> <span class='ocrx_word' id='word_1_92' title='bbox 342 1721 423 1789; x_wconf 86' lang='lat' dir='ltr'><strong>item</strong></span> <span class='ocrx_word' id='word_1_93' title='bbox 440 1722 551 1790; x_wconf 90' lang='lat' dir='ltr'><strong>omnia</strong></span> <span class='ocrx_word' id='word_1_94' title='bbox 569 1723 678 1793; x_wconf 90' lang='lat' dir='ltr'><strong>sacris</strong></span> <span class='ocrx_word' id='word_1_95' title='bbox 699 1719 895 1792; x_wconf 91' lang='lat' dir='ltr'><strong>canonibus</strong></span> <span class='ocrx_word' id='word_1_96' title='bbox 908 1729 943 1790; x_wconf 91' lang='lat' dir='ltr'><strong>et</strong></span> <span class='ocrx_word' id='word_1_97' title='bbox 963 1723 1194 1793; x_wconf 89' lang='lat' dir='ltr'><strong>oecumenicis</strong></span> <span class='ocrx_word' id='word_1_98' title='bbox 1211 1716 1391 1809; x_wconf 79' lang='lat' dir='ltr'><strong>Concliis,-&#39;</strong></span> 
     </span>
     <span class='ocr_line' id='line_1_16' title="bbox 70 1819 1379 1917; baseline 0.002 -25"><span class='ocrx_word' id='word_1_99' title='bbox 70 1844 113 1892; x_wconf 91' lang='lat' dir='ltr'><strong>ac</strong></span> <span class='ocrx_word' id='word_1_100' title='bbox 138 1824 325 1917; x_wconf 88' lang='lat' dir='ltr'><strong>praecique</strong></span> <span class='ocrx_word' id='word_1_101' title='bbox 348 1843 367 1889; x_wconf 92' lang='lat' dir='ltr'><strong>a</strong></span> <span class='ocrx_word' id='word_1_102' title='bbox 390 1831 612 1894; x_wconf 87' lang='lat' dir='ltr'><strong>sacrosancta</strong></span> <span class='ocrx_word' id='word_1_103' title='bbox 636 1821 834 1893; x_wconf 88' lang='lat' dir='ltr'><strong>Tridentina</strong></span> <span class='ocrx_word' id='word_1_104' title='bbox 857 1819 1000 1916; x_wconf 73' lang='lat' dir='ltr'><strong>Synodo</strong></span> <span class='ocrx_word' id='word_1_105' title='bbox 1023 1822 1167 1912; x_wconf 71' lang='lat' dir='ltr'><strong>tradita,</strong></span> <span class='ocrx_word' id='word_1_106' title='bbox 1197 1821 1322 1892; x_wconf 80' lang='lat' dir='ltr'><strong>delinita</strong></span> <span class='ocrx_word' id='word_1_107' title='bbox 1345 1832 1379 1894; x_wconf 90' lang='lat' dir='ltr'><strong>et</strong></span> 
     </span>
     <span class='ocr_line' id='line_1_17' title="bbox 71 1921 1379 2027; baseline 0.002 -33"><span class='ocrx_word' id='word_1_108' title='bbox 71 1923 245 1994; x_wconf 87' lang='lat' dir='ltr'><strong>declarata</strong></span> <span class='ocrx_word' id='word_1_109' title='bbox 273 1921 502 1994; x_wconf 88' lang='lat' dir='ltr'><strong>indubitanter</strong></span> <span class='ocrx_word' id='word_1_110' title='bbox 528 1926 658 2018; x_wconf 91' lang='lat' dir='ltr'><strong>recipio</strong></span> <span class='ocrx_word' id='word_1_111' title='bbox 687 1925 788 2019; x_wconf 79' lang='lat' dir='ltr'><strong>atqtle</strong></span> <span class='ocrx_word' id='word_1_112' title='bbox 817 1923 1001 2019; x_wconf 77' lang='lat' dir='ltr'><strong>profiteor3</strong></span> <span class='ocrx_word' id='word_1_113' title='bbox 1029 1924 1197 2019; x_wconf 89' lang='lat' dir='ltr'><strong>simulque</strong></span> <span class='ocrx_word' id='word_1_114' title='bbox 1217 1925 1379 2027; x_wconf 69' lang='lat' dir='ltr'><strong>contraria</strong></span> 
     </span>
     <span class='ocr_line' id='line_1_18' title="bbox 72 2023 1379 2120; baseline 0.003 -24"><span class='ocrx_word' id='word_1_115' title='bbox 72 2027 197 2113; x_wconf 66' lang='lat' dir='ltr'><strong>omnia,</strong></span> <span class='ocrx_word' id='word_1_116' title='bbox 221 2034 323 2118; x_wconf 86' lang='lat' dir='ltr'><strong>atque</strong></span> <span class='ocrx_word' id='word_1_117' title='bbox 345 2023 510 2098; x_wconf 87' lang='lat' dir='ltr'><strong>haereses</strong></span> <span class='ocrx_word' id='word_1_118' title='bbox 530 2045 750 2120; x_wconf 84' lang='lat' dir='ltr'><strong>quascunque</strong></span> <span class='ocrx_word' id='word_1_119' title='bbox 769 2026 810 2098; x_wconf 84' lang='lat' dir='ltr'><strong>ab</strong></span> <span class='ocrx_word' id='word_1_120' title='bbox 823 2024 982 2099; x_wconf 88' lang='lat' dir='ltr'><strong>Ecclesia</strong></span> <span class='ocrx_word' id='word_1_121' title='bbox 999 2026 1173 2099; x_wconf 89' lang='lat' dir='ltr'><strong>damnatas</strong></span> <span class='ocrx_word' id='word_1_122' title='bbox 1193 2037 1227 2098; x_wconf 91' lang='lat' dir='ltr'><strong>et</strong></span> <span class='ocrx_word' id='word_1_123' title='bbox 1240 2049 1325 2097; x_wconf 86' lang='lat' dir='ltr'><strong>rere</strong></span> <span class='ocrx_word' id='word_1_124' title='bbox 1325 2036 1379 2100; x_wconf 87' lang='lat' dir='ltr'><strong>tas</strong></span> 
     </span>
     <span class='ocr_line' id='line_1_19' title="bbox 71 2126 1386 2221; baseline 0 -23"><span class='ocrx_word' id='word_1_125' title='bbox 71 2137 106 2198; x_wconf 91' lang='lat' dir='ltr'><strong>ct</strong></span> <span class='ocrx_word' id='word_1_126' title='bbox 134 2126 449 2216; x_wconf 71' lang='lat' dir='ltr'><strong>anathematizatas,</strong></span> <span class='ocrx_word' id='word_1_127' title='bbox 484 2149 552 2219; x_wconf 86' lang='lat' dir='ltr'><strong>ego</strong></span> <span class='ocrx_word' id='word_1_128' title='bbox 586 2131 715 2221; x_wconf 88' lang='lat' dir='ltr'><strong>pariter</strong></span> <span class='ocrx_word' id='word_1_129' title='bbox 749 2128 893 2218; x_wconf 63' lang='lat' dir='ltr'><strong>damno‚</strong></span> <span class='ocrx_word' id='word_1_130' title='bbox 924 2130 1046 2219; x_wconf 87' lang='lat' dir='ltr'><strong>rejicio</strong></span> <span class='ocrx_word' id='word_1_131' title='bbox 1070 2139 1104 2200; x_wconf 91' lang='lat' dir='ltr'><strong>et</strong></span> <span class='ocrx_word' id='word_1_132' title='bbox 1126 2129 1386 2200; x_wconf 82' lang='lat' dir='ltr'><strong>anathematum¹</strong></span> 
     </span>
     <span class='ocr_line' id='line_1_20' title="bbox 69 2226 1378 2326; baseline 0.002 -27"><span class='ocrx_word' id='word_1_133' title='bbox 69 2229 167 2299; x_wconf 90' lang='lat' dir='ltr'><strong>Hanc</strong></span> <span class='ocrx_word' id='word_1_134' title='bbox 188 2251 308 2300; x_wconf 86' lang='lat' dir='ltr'><strong>veram</strong></span> <span class='ocrx_word' id='word_1_135' title='bbox 332 2226 543 2300; x_wconf 89' lang='lat' dir='ltr'><strong>Catholioam</strong></span> <span class='ocrx_word' id='word_1_136' title='bbox 564 2229 696 2318; x_wconf 75' lang='lat' dir='ltr'><strong>Fidem,</strong></span> <span class='ocrx_word' id='word_1_137' title='bbox 719 2241 818 2302; x_wconf 89' lang='lat' dir='ltr'><strong>extra</strong></span> <span class='ocrx_word' id='word_1_138' title='bbox 840 2252 1062 2324; x_wconf 84' lang='lat' dir='ltr'><strong>quemnemo</strong></span> <span class='ocrx_word' id='word_1_139' title='bbox 1084 2231 1202 2304; x_wconf 90' lang='lat' dir='ltr'><strong>salvus</strong></span> <span class='ocrx_word' id='word_1_140' title='bbox 1226 2253 1305 2304; x_wconf 89' lang='lat' dir='ltr'><strong>esse</strong></span> <span class='ocrx_word' id='word_1_141' title='bbox 1318 2251 1378 2326; x_wconf 91' lang='lat' dir='ltr'><strong>po-</strong></span> 
     </span>
     <span class='ocr_line' id='line_1_21' title="bbox 69 2331 1379 2425; baseline 0.001 -23"><span class='ocrx_word' id='word_1_142' title='bbox 69 2341 160 2419; x_wconf 77' lang='lat' dir='ltr'><strong>test,</strong></span> <span class='ocrx_word' id='word_1_143' title='bbox 180 2352 304 2424; x_wconf 70' lang='lat' dir='ltr'><strong>¹quam</strong></span> <span class='ocrx_word' id='word_1_144' title='bbox 323 2332 357 2398; x_wconf 92' lang='lat' dir='ltr'><strong>in</strong></span> <span class='ocrx_word' id='word_1_145' title='bbox 383 2335 557 2424; x_wconf 89' lang='lat' dir='ltr'><strong>praesenti</strong></span> <span class='ocrx_word' id='word_1_146' title='bbox 580 2341 702 2425; x_wconf 89' lang='lat' dir='ltr'><strong>sponte</strong></span> <span class='ocrx_word' id='word_1_147' title='bbox 724 2331 888 2425; x_wconf 91' lang='lat' dir='ltr'><strong>proliteor</strong></span> <span class='ocrx_word' id='word_1_148' title='bbox 910 2343 944 2402; x_wconf 91' lang='lat' dir='ltr'><strong>et</strong></span> <span class='ocrx_word' id='word_1_149' title='bbox 965 2335 1139 2403; x_wconf 87' lang='lat' dir='ltr'><strong>veraciter</strong></span> <span class='ocrx_word' id='word_1_150' title='bbox 1160 2343 1282 2421; x_wconf 61' lang='lat' dir='ltr'><strong>teneo„</strong></span> <span class='ocrx_word' id='word_1_151' title='bbox 1307 2333 1379 2403; x_wconf 80' lang='lat' dir='ltr'><strong>ean-</strong></span> 
     </span>
    </p>
   </div>
   <div class='ocr_carea' id='block_1_7' title="bbox 23 2432 1585 2637">
    <p class='ocr_par' dir='ltr' id='par_1_12' title="bbox 23 2432 1585 2637">
     <span class='ocr_line' id='line_1_22' title="bbox 23 2432 1585 2530; baseline 0 -26"><span class='ocrx_word' id='word_1_152' title='bbox 23 2433 149 2504; x_wconf 82' lang='lat' dir='ltr'><strong>&#39;dem</strong></span> <span class='ocrx_word' id='word_1_153' title='bbox 182 2433 351 2523; x_wconf 81' lang='lat' dir='ltr'><strong>integram</strong></span> <span class='ocrx_word' id='word_1_154' title='bbox 379 2441 413 2502; x_wconf 91' lang='lat' dir='ltr'><strong>et</strong></span> <span class='ocrx_word' id='word_1_155' title='bbox 439 2432 656 2519; x_wconf 73' lang='lat' dir='ltr'><strong>inviolatam,</strong></span> <span class='ocrx_word' id='word_1_156' title='bbox 688 2455 799 2526; x_wconf 89' lang='lat' dir='ltr'><strong>usque</strong></span> <span class='ocrx_word' id='word_1_157' title='bbox 826 2433 869 2503; x_wconf 92' lang='lat' dir='ltr'><strong>ad</strong></span> <span class='ocrx_word' id='word_1_158' title='bbox 896 2441 1088 2505; x_wconf 84' lang='lat' dir='ltr'><strong>extremum</strong></span> <span class='ocrx_word' id='word_1_159' title='bbox 1113 2436 1207 2506; x_wconf 82' lang='lat' dir='ltr'><strong>vitae</strong></span> <span class='ocrx_word' id='word_1_160' title='bbox 1233 2436 1378 2530; x_wconf 82' lang='lat' dir='ltr'><strong>spiritam</strong></span> <span class='ocrx_word' id='word_1_161' title='bbox 1477 2487 1479 2493; x_wconf 85' lang='lat'>.</span> <span class='ocrx_word' id='word_1_162' title='bbox 1582 2489 1585 2493; x_wconf 85' lang='lat'>.</span> 
     </span>
     <span class='ocr_line' id='line_1_23' title="bbox 69 2529 1571 2637; baseline 0.003 -32"><span class='ocrx_word' id='word_1_163' title='bbox 69 2535 343 2622; x_wconf 84' lang='lat' dir='ltr'><strong>constantissime</strong></span> <span class='ocrx_word' id='word_1_164' title='bbox 369 2529 462 2627; x_wconf 90' lang='lat' dir='ltr'><strong>(Deo</strong></span> <span class='ocrx_word' id='word_1_165' title='bbox 486 2532 685 2629; x_wconf 84' lang='lat' dir='ltr'><strong>adjuvante)</strong></span> <span class='ocrx_word' id='word_1_166' title='bbox 705 2538 856 2604; x_wconf 91' lang='lat' dir='ltr'><strong>retinere</strong></span> <span class='ocrx_word' id='word_1_167' title='bbox 879 2545 913 2605; x_wconf 89' lang='lat' dir='ltr'><strong>et</strong></span> <span class='ocrx_word' id='word_1_168' title='bbox 940 2533 1107 2625; x_wconf 73' lang='lat' dir='ltr'><strong>confiteri,</strong></span> <span class='ocrx_word' id='word_1_169' title='bbox 1130 2546 1232 2629; x_wconf 89' lang='lat' dir='ltr'><strong>atque</strong></span> <span class='ocrx_word' id='word_1_170' title='bbox 1259 2558 1279 2604; x_wconf 92' lang='lat' dir='ltr'><strong>a</strong></span> <span class='ocrx_word' id='word_1_171' title='bbox 1299 2538 1377 2608; x_wconf 80' lang='lat' dir='ltr'><strong>meis</strong></span> <span class='ocrx_word' id='word_1_172' title='bbox 1490 2583 1502 2609; x_wconf 29' lang='grc' dir='ltr'><strong>,ν</strong></span> <span class='ocrx_word' id='word_1_173' title='bbox 1564 2630 1571 2637; x_wconf 24' lang='grc' dir='ltr'><strong><em>Ι</em></strong></span> 
     </span>
    </p>
   </div>
   <div class='ocr_carea' id='block_1_8' title="bbox 68 2631 1410 2833">
    <p class='ocr_par' dir='ltr' id='par_1_13' title="bbox 68 2631 1410 2833">
     <span class='ocr_line' id='line_1_24' title="bbox 69 2631 1410 2732; baseline -0.003 -22"><span class='ocrx_word' id='word_1_174' title='bbox 69 2635 233 2721; x_wconf 71' lang='lat' dir='ltr'><strong>subditis,</strong></span> <span class='ocrx_word' id='word_1_175' title='bbox 259 2635 319 2706; x_wconf 87' lang='lat' dir='ltr'><strong>vel</strong></span> <span class='ocrx_word' id='word_1_176' title='bbox 346 2635 431 2722; x_wconf 76' lang='lat' dir='ltr'><strong>illis,</strong></span> <span class='ocrx_word' id='word_1_177' title='bbox 459 2656 604 2732; x_wconf 86' lang='lat' dir='ltr'><strong>quorum</strong></span> <span class='ocrx_word' id='word_1_178' title='bbox 625 2657 707 2705; x_wconf 90' lang='lat' dir='ltr'><strong>cura</strong></span> <span class='ocrx_word' id='word_1_179' title='bbox 730 2636 779 2706; x_wconf 77' lang='lat' dir='ltr'><strong>ad‘</strong></span> <span class='ocrx_word' id='word_1_180' title='bbox 798 2646 854 2705; x_wconf 88' lang='lat' dir='ltr'><strong>me</strong></span> <span class='ocrx_word' id='word_1_181' title='bbox 876 2639 911 2705; x_wconf 94' lang='lat' dir='ltr'><strong>in</strong></span> <span class='ocrx_word' id='word_1_182' title='bbox 933 2657 1075 2708; x_wconf 89' lang='lat' dir='ltr'><strong>munere</strong></span> <span class='ocrx_word' id='word_1_183' title='bbox 1101 2659 1179 2707; x_wconf 92' lang='lat' dir='ltr'><strong>meo</strong></span> <span class='ocrx_word' id='word_1_184' title='bbox 1206 2631 1410 2731; x_wconf 66' lang='lat' dir='ltr'><strong>spectatae*</strong></span> 
     </span>
     <span class='ocr_line' id='line_1_25' title="bbox 68 2736 1391 2833; baseline 0 -25"><span class='ocrx_word' id='word_1_185' title='bbox 68 2739 192 2825; x_wconf 71' lang='lat' dir='ltr'><strong>teneri,</strong></span> <span class='ocrx_word' id='word_1_186' title='bbox 220 2736 339 2809; x_wconf 88' lang='lat' dir='ltr'><strong>doceri</strong></span> <span class='ocrx_word' id='word_1_187' title='bbox 361 2748 395 2822; x_wconf 89' lang='lat' dir='ltr'><strong>et</strong></span> <span class='ocrx_word' id='word_1_188' title='bbox 416 2736 621 2833; x_wconf 70' lang='lat' dir='ltr'><strong>praedicari,</strong></span> <span class='ocrx_word' id='word_1_189' title='bbox 648 2740 834 2830; x_wconf 89' lang='lat' dir='ltr'><strong>qnantum</strong></span> <span class='ocrx_word' id='word_1_190' title='bbox 826 2759 861 2808; x_wconf 93' lang='lat' dir='ltr'><strong>m</strong></span> <span class='ocrx_word' id='word_1_191' title='bbox 884 2759 939 2808; x_wconf 92' lang='lat' dir='ltr'><strong>me</strong></span> <span class='ocrx_word' id='word_1_192' title='bbox 962 2741 1026 2808; x_wconf 89' lang='lat' dir='ltr'><strong>erit</strong></span> <span class='ocrx_word' id='word_1_193' title='bbox 1046 2749 1254 2809; x_wconf 87' lang='lat' dir='ltr'><strong>curaturum.</strong></span> <span class='ocrx_word' id='word_1_194' title='bbox 1306 2736 1391 2830; x_wconf 85' lang='lat' dir='ltr'><strong>Egc&#39;</strong></span> 
     </span>
    </p>
   </div>
   <div class='ocr_carea' id='block_1_9' title="bbox 69 2836 1580 2934">
    <p class='ocr_par' dir='ltr' id='par_1_14' title="bbox 69 2836 1580 2934">
     <span class='ocr_line' id='line_1_26' title="bbox 69 2836 1580 2934; baseline 0 -24"><span class='ocrx_word' id='word_1_195' title='bbox 69 2837 218 2923; x_wconf 86' lang='lat' dir='ltr'><strong>idemN.</strong></span> <span class='ocrx_word' id='word_1_196' title='bbox 244 2836 398 2934; x_wconf 91' lang='lat' dir='ltr'><strong>spondeo</strong></span> <span class='ocrx_word' id='word_1_197' title='bbox 419 2860 537 2910; x_wconf 90' lang='lat' dir='ltr'><strong>voveo</strong></span> <span class='ocrx_word' id='word_1_198' title='bbox 558 2861 599 2907; x_wconf 90' lang='lat' dir='ltr'><strong>ac</strong></span> <span class='ocrx_word' id='word_1_199' title='bbox 617 2841 707 2929; x_wconf 75' lang='lat' dir='ltr'><strong>iuro,</strong></span> <span class='ocrx_word' id='word_1_200' title='bbox 729 2842 778 2912; x_wconf 91' lang='lat' dir='ltr'><strong>sic</strong></span> <span class='ocrx_word' id='word_1_201' title='bbox 796 2861 850 2908; x_wconf 93' lang='lat' dir='ltr'><strong>me</strong></span> <span class='ocrx_word' id='word_1_202' title='bbox 870 2838 970 2911; x_wconf 90' lang='lat' dir='ltr'><strong>Deus</strong></span> <span class='ocrx_word' id='word_1_203' title='bbox 987 2840 1127 2912; x_wconf 81' lang='lat' dir='ltr'><strong>adiuvet</strong></span> <span class='ocrx_word' id='word_1_204' title='bbox 1148 2849 1182 2911; x_wconf 91' lang='lat' dir='ltr'><strong>et</strong></span> <span class='ocrx_word' id='word_1_205' title='bbox 1201 2839 1289 2911; x_wconf 88' lang='lat' dir='ltr'><strong>haec</strong></span> <span class='ocrx_word' id='word_1_206' title='bbox 1308 2861 1384 2912; x_wconf 91' lang='lat' dir='ltr'><strong>san·</strong></span> <span class='ocrx_word' id='word_1_207' title='bbox 1486 2867 1488 2871; x_wconf 62' lang='grc'>’</span> <span class='ocrx_word' id='word_1_208' title='bbox 1576 2842 1580 2848; x_wconf 81' lang='grc'><strong><em>’</em></strong></span> 
     </span>
    </p>
   </div>
   <div class='ocr_carea' id='block_1_10' title="bbox 21 2940 1406 4648">
    <p class='ocr_par' dir='ltr' id='par_1_15' title="bbox 69 2940 439 3032">
     <span class='ocr_line' id='line_1_27' title="bbox 69 2940 439 3032; baseline -0.003 -21"><span class='ocrx_word' id='word_1_209' title='bbox 69 2950 124 3011; x_wconf 90' lang='lat' dir='ltr'><strong>ota</strong></span> <span class='ocrx_word' id='word_1_210' title='bbox 146 2940 214 3012; x_wconf 92' lang='lat' dir='ltr'><strong>Dei</strong></span> <span class='ocrx_word' id='word_1_211' title='bbox 229 2940 439 3032; x_wconf 63' lang='grc' dir='ltr'>’.Ενιιιιιςθίἰιι</span> 
     </span>
    </p>

    <p class='ocr_par' dir='ltr' id='par_1_16' title="bbox 21 3041 1406 4051">
     <span class='ocr_line' id='line_1_28' title="bbox 171 3041 1389 3134; baseline -0.001 -23"><span class='ocrx_word' id='word_1_212' title='bbox 171 3051 242 3111; x_wconf 81' lang='lat' dir='ltr'><strong>Tum</strong></span> <span class='ocrx_word' id='word_1_213' title='bbox 256 3052 415 3127; x_wconf 81' lang='lat' dir='ltr'><strong>Sacerdos,</strong></span> <span class='ocrx_word' id='word_1_214' title='bbox 428 3053 555 3130; x_wconf 81' lang='lat' dir='ltr'><strong>genibus</strong></span> <span class='ocrx_word' id='word_1_215' title='bbox 569 3052 655 3114; x_wconf 84' lang='lat' dir='ltr'><strong>deris</strong></span> <span class='ocrx_word' id='word_1_216' title='bbox 674 3053 793 3115; x_wconf 83' lang='lat' dir='ltr'><strong>inchoat</strong></span> <span class='ocrx_word' id='word_1_217' title='bbox 807 3052 949 3134; x_wconf 82' lang='lat' dir='ltr'><strong>psalmum</strong></span> <span class='ocrx_word' id='word_1_218' title='bbox 962 3041 1148 3132; x_wconf 77' lang='lat' dir='ltr'><strong>Miserere,</strong></span> <span class='ocrx_word' id='word_1_219' title='bbox 1158 3070 1244 3132; x_wconf 89' lang='lat' dir='ltr'><strong>quem</strong></span> <span class='ocrx_word' id='word_1_220' title='bbox 1259 3051 1389 3112; x_wconf 56' lang='lat' dir='ltr'><strong>alterna*</strong></span> 
     </span>
     <span class='ocr_line' id='line_1_29' title="bbox 69 3142 1406 3238; baseline 0.001 -26"><span class='ocrx_word' id='word_1_221' title='bbox 69 3155 130 3212; x_wconf 90' lang='lat' dir='ltr'><strong>tim·</strong></span> <span class='ocrx_word' id='word_1_222' title='bbox 145 3171 209 3214; x_wconf 87' lang='lat' dir='ltr'><strong>eum</strong></span> <span class='ocrx_word' id='word_1_223' title='bbox 229 3154 370 3214; x_wconf 85' lang='lat' dir='ltr'><strong>ministris</strong></span> <span class='ocrx_word' id='word_1_224' title='bbox 389 3162 419 3213; x_wconf 90' lang='lat' dir='ltr'><strong>et</strong></span> <span class='ocrx_word' id='word_1_225' title='bbox 440 3155 604 3216; x_wconf 84' lang='lat' dir='ltr'><strong>astantibus</strong></span> <span class='ocrx_word' id='word_1_226' title='bbox 625 3158 817 3236; x_wconf 84' lang='lat' dir='ltr'><strong>prosequitur</strong></span> <span class='ocrx_word' id='word_1_227' title='bbox 834 3144 1035 3217; x_wconf 73' lang='lat' dir='ltr'><strong>cnmfGlorie</strong></span> <span class='ocrx_word' id='word_1_228' title='bbox 1055 3142 1154 3216; x_wconf 84' lang='lat' dir='ltr'><strong>Patri·</strong></span> <span class='ocrx_word' id='word_1_229' title='bbox 1167 3154 1230 3215; x_wconf 82' lang='lat' dir='ltr'><strong>etc.</strong></span> <span class='ocrx_word' id='word_1_230' title='bbox 1275 3142 1384 3238; x_wconf 77' lang='lat' dir='ltr'><strong>Kyrie</strong></span> <span class='ocrx_word' id='word_1_231' title='bbox 1398 3159 1406 3177; x_wconf 75' lang='lat'><strong>⁵</strong></span> 
     </span>
     <span class='ocr_line' id='line_1_30' title="bbox 68 3241 1385 3342; baseline 0.001 -28"><span class='ocrx_word' id='word_1_232' title='bbox 68 3245 213 3316; x_wconf 91' lang='lat' dir='ltr'><strong>eleison.</strong></span> <span class='ocrx_word' id='word_1_233' title='bbox 256 3241 390 3317; x_wconf 84' lang='lat' dir='ltr'><strong>Christe</strong></span> <span class='ocrx_word' id='word_1_234' title='bbox 411 3246 555 3317; x_wconf 88' lang='lat' dir='ltr'><strong>eleison.</strong></span> <span class='ocrx_word' id='word_1_235' title='bbox 598 3247 706 3342; x_wconf 71' lang='lat' dir='ltr'><strong>Kyrie</strong></span> <span class='ocrx_word' id='word_1_236' title='bbox 727 3249 879 3319; x_wconf 47' lang='lat' dir='ltr'><strong>eleison«</strong></span> <span class='ocrx_word' id='word_1_237' title='bbox 912 3248 1015 3317; x_wconf 87' lang='lat' dir='ltr'><strong>Pater</strong></span> <span class='ocrx_word' id='word_1_238' title='bbox 1036 3257 1164 3319; x_wconf 88' lang='lat' dir='ltr'><strong>noster.</strong></span> <span class='ocrx_word' id='word_1_239' title='bbox 1205 3251 1247 3319; x_wconf 70' lang='lat' dir='ltr'><strong>V.</strong></span> <span class='ocrx_word' id='word_1_240' title='bbox 1275 3244 1321 3315; x_wconf 86' lang='lat' dir='ltr'><strong>Et</strong></span> <span class='ocrx_word' id='word_1_241' title='bbox 1338 3266 1385 3315; x_wconf 91' lang='lat' dir='ltr'><strong>ne</strong></span> 
     </span>
     <span class='ocr_line' id='line_1_31' title="bbox 67 3344 1384 3439; baseline 0.001 -23"><span class='ocrx_word' id='word_1_242' title='bbox 67 3367 132 3418; x_wconf 93' lang='lat' dir='ltr'><strong>nos</strong></span> <span class='ocrx_word' id='word_1_243' title='bbox 159 3347 302 3418; x_wconf 90' lang='lat' dir='ltr'><strong>inducas</strong></span> <span class='ocrx_word' id='word_1_244' title='bbox 329 3350 619 3420; x_wconf 88' lang='lat' dir='ltr'><strong>intentationem.</strong></span> <span class='ocrx_word' id='word_1_245' title='bbox 662 3354 705 3439; x_wconf 65' lang='lat' dir='ltr'><strong>lle.</strong></span> <span class='ocrx_word' id='word_1_246' title='bbox 730 3346 800 3421; x_wconf 86' lang='lat' dir='ltr'><strong>Sed</strong></span> <span class='ocrx_word' id='word_1_247' title='bbox 823 3349 932 3419; x_wconf 89' lang='lat' dir='ltr'><strong>libera</strong></span> <span class='ocrx_word' id='word_1_248' title='bbox 958 3369 1023 3418; x_wconf 92' lang='lat' dir='ltr'><strong>nos</strong></span> <span class='ocrx_word' id='word_1_249' title='bbox 1046 3370 1065 3416; x_wconf 90' lang='lat' dir='ltr'><strong>a</strong></span> <span class='ocrx_word' id='word_1_250' title='bbox 1086 3347 1192 3437; x_wconf 27' lang='lat' dir='ltr'><strong>malo..</strong></span> <span class='ocrx_word' id='word_1_251' title='bbox 1235 3352 1278 3420; x_wconf 65' lang='lat' dir='ltr'><strong>ll.</strong></span> <span class='ocrx_word' id='word_1_252' title='bbox 1307 3344 1384 3418; x_wconf 87' lang='lat' dir='ltr'><strong>Sal-</strong></span> 
     </span>
     <span class='ocr_line' id='line_1_32' title="bbox 66 3446 1379 3544; baseline 0.001 -27"><span class='ocrx_word' id='word_1_253' title='bbox 66 3470 150 3518; x_wconf 89' lang='lat' dir='ltr'><strong>vum</strong></span> <span class='ocrx_word' id='word_1_254' title='bbox 169 3448 226 3518; x_wconf 83' lang='lat' dir='ltr'><strong>iac</strong></span> <span class='ocrx_word' id='word_1_255' title='bbox 248 3470 388 3520; x_wconf 89' lang='lat' dir='ltr'><strong>servum</strong></span> <span class='ocrx_word' id='word_1_256' title='bbox 410 3459 504 3522; x_wconf 89' lang='lat' dir='ltr'><strong>tuum</strong></span> <span class='ocrx_word' id='word_1_257' title='bbox 525 3446 699 3543; x_wconf 89' lang='lat' dir='ltr'><strong>(ancillam</strong></span> <span class='ocrx_word' id='word_1_258' title='bbox 721 3460 826 3538; x_wconf 69' lang='lat' dir='ltr'><strong>tuam,</strong></span> <span class='ocrx_word' id='word_1_259' title='bbox 853 3470 978 3521; x_wconf 84' lang='lat' dir='ltr'><strong>servos</strong></span> <span class='ocrx_word' id='word_1_260' title='bbox 1000 3457 1091 3535; x_wconf 73' lang='lat' dir='ltr'><strong>tuos‚</strong></span> <span class='ocrx_word' id='word_1_261' title='bbox 1115 3448 1257 3519; x_wconf 86' lang='lat' dir='ltr'><strong>ancillas</strong></span> <span class='ocrx_word' id='word_1_262' title='bbox 1273 3447 1379 3544; x_wconf 86' lang='lat' dir='ltr'><strong>tuas).</strong></span> 
     </span>
     <span class='ocr_line' id='line_1_33' title="bbox 65 3547 1381 3647; baseline 0.001 -29"><span class='ocrx_word' id='word_1_263' title='bbox 65 3555 110 3640; x_wconf 63' lang='lat' dir='ltr'><strong>ll?-</strong></span> <span class='ocrx_word' id='word_1_264' title='bbox 133 3549 229 3619; x_wconf 90' lang='lat' dir='ltr'><strong>Deus</strong></span> <span class='ocrx_word' id='word_1_265' title='bbox 251 3570 347 3625; x_wconf 87' lang='lat' dir='ltr'><strong>meus</strong></span> <span class='ocrx_word' id='word_1_266' title='bbox 370 3552 564 3643; x_wconf 89' lang='lat' dir='ltr'><strong>sperantein</strong></span> <span class='ocrx_word' id='word_1_267' title='bbox 593 3549 801 3647; x_wconf 89' lang='lat' dir='ltr'><strong>(sperantes)</strong></span> <span class='ocrx_word' id='word_1_268' title='bbox 825 3554 860 3620; x_wconf 93' lang='lat' dir='ltr'><strong>iu</strong></span> <span class='ocrx_word' id='word_1_269' title='bbox 881 3561 926 3621; x_wconf 89' lang='lat' dir='ltr'><strong>te.</strong></span> <span class='ocrx_word' id='word_1_270' title='bbox 967 3553 1010 3621; x_wconf 71' lang='lat' dir='ltr'><strong>tt,</strong></span> <span class='ocrx_word' id='word_1_271' title='bbox 1037 3549 1122 3620; x_wconf 91' lang='lat' dir='ltr'><strong>Esto</strong></span> <span class='ocrx_word' id='word_1_272' title='bbox 1151 3552 1184 3620; x_wconf 90' lang='lat' dir='ltr'><strong>ei</strong></span> <span class='ocrx_word' id='word_1_273' title='bbox 1209 3547 1291 3646; x_wconf 89' lang='lat' dir='ltr'><strong>(eis)</strong></span> <span class='ocrx_word' id='word_1_274' title='bbox 1311 3548 1381 3620; x_wconf 91' lang='lat' dir='ltr'><strong>Do-</strong></span> 
     </span>
     <span class='ocr_line' id='line_1_34' title="bbox 21 3648 1381 3746; baseline -0.002 -25"><span class='ocrx_word' id='word_1_275' title='bbox 21 3704 25 3709; x_wconf 76' lang='lat'><strong>·</strong></span> <span class='ocrx_word' id='word_1_276' title='bbox 66 3656 157 3721; x_wconf 93' lang='lat' dir='ltr'><strong>mine</strong></span> <span class='ocrx_word' id='word_1_277' title='bbox 179 3651 281 3721; x_wconf 90' lang='lat' dir='ltr'><strong>turris</strong></span> <span class='ocrx_word' id='word_1_278' title='bbox 304 3648 521 3722; x_wconf 87' lang='lat' dir='ltr'><strong>fortitudinis.</strong></span> <span class='ocrx_word' id='word_1_279' title='bbox 562 3656 604 3741; x_wconf 77' lang='grc' dir='ltr'><strong>Βι.</strong></span> <span class='ocrx_word' id='word_1_280' title='bbox 626 3651 660 3722; x_wconf 90' lang='grc' dir='ltr'><strong>Α</strong></span> <span class='ocrx_word' id='word_1_281' title='bbox 683 3651 772 3721; x_wconf 86' lang='lat' dir='ltr'><strong>facie</strong></span> <span class='ocrx_word' id='word_1_282' title='bbox 790 3654 924 3721; x_wconf 92' lang='lat' dir='ltr'><strong>inimici.</strong></span> <span class='ocrx_word' id='word_1_283' title='bbox 964 3658 1005 3724; x_wconf 74' lang='lat' dir='ltr'><strong>ht.</strong></span> <span class='ocrx_word' id='word_1_284' title='bbox 1030 3648 1123 3721; x_wconf 93' lang='lat' dir='ltr'><strong>Nihil</strong></span> <span class='ocrx_word' id='word_1_285' title='bbox 1144 3650 1299 3746; x_wconf 84' lang='lat' dir='ltr'><strong>proficiat</strong></span> <span class='ocrx_word' id='word_1_286' title='bbox 1321 3650 1381 3720; x_wconf 92' lang='lat' dir='ltr'><strong>ini-</strong></span> 
     </span>
     <span class='ocr_line' id='line_1_35' title="bbox 66 3747 1387 3849; baseline -0.001 -28"><span class='ocrx_word' id='word_1_287' title='bbox 66 3754 174 3822; x_wconf 91' lang='lat' dir='ltr'><strong>micus</strong></span> <span class='ocrx_word' id='word_1_288' title='bbox 201 3753 235 3820; x_wconf 92' lang='lat' dir='ltr'><strong>iu</strong></span> <span class='ocrx_word' id='word_1_289' title='bbox 262 3772 304 3821; x_wconf 93' lang='lat' dir='ltr'><strong>eo</strong></span> <span class='ocrx_word' id='word_1_290' title='bbox 329 3747 400 3844; x_wconf 66' lang='lat' dir='ltr'><strong>(ea,</strong></span> <span class='ocrx_word' id='word_1_291' title='bbox 415 3751 504 3848; x_wconf 86' lang='lat' dir='ltr'><strong>eis).</strong></span> <span class='ocrx_word' id='word_1_292' title='bbox 550 3758 593 3844; x_wconf 65' lang='lat' dir='ltr'><strong>li.</strong></span> <span class='ocrx_word' id='word_1_293' title='bbox 615 3752 659 3823; x_wconf 88' lang='lat' dir='ltr'><strong>Et</strong></span> <span class='ocrx_word' id='word_1_294' title='bbox 681 3752 769 3824; x_wconf 86' lang='lat' dir='ltr'><strong>filias</strong></span> <span class='ocrx_word' id='word_1_295' title='bbox 789 3754 974 3847; x_wconf 88' lang='lat' dir='ltr'><strong>iniquitatis</strong></span> <span class='ocrx_word' id='word_1_296' title='bbox 995 3773 1065 3822; x_wconf 93' lang='lat' dir='ltr'><strong>non</strong></span> <span class='ocrx_word' id='word_1_297' title='bbox 1084 3762 1232 3849; x_wconf 89' lang='lat' dir='ltr'><strong>apponat</strong></span> <span class='ocrx_word' id='word_1_298' title='bbox 1253 3773 1387 3840; x_wconf 86' lang='lat' dir='ltr'><strong>nocere</strong></span> 
     </span>
     <span class='ocr_line' id='line_1_36' title="bbox 67 3850 1379 3949; baseline -0.002 -25"><span class='ocrx_word' id='word_1_299' title='bbox 67 3857 99 3924; x_wconf 90' lang='lat' dir='ltr'><strong>ei</strong></span> <span class='ocrx_word' id='word_1_300' title='bbox 123 3850 216 3949; x_wconf 89' lang='lat' dir='ltr'><strong>(eis).</strong></span> <span class='ocrx_word' id='word_1_301' title='bbox 260 3859 303 3923; x_wconf 66' lang='lat' dir='ltr'><strong>a,</strong></span> <span class='ocrx_word' id='word_1_302' title='bbox 325 3851 471 3923; x_wconf 88' lang='lat' dir='ltr'><strong>Domine</strong></span> <span class='ocrx_word' id='word_1_303' title='bbox 494 3855 619 3924; x_wconf 86' lang='lat' dir='ltr'><strong>exaudi</strong></span> <span class='ocrx_word' id='word_1_304' title='bbox 642 3857 832 3925; x_wconf 88' lang='lat' dir='ltr'><strong>orationem</strong></span> <span class='ocrx_word' id='word_1_305' title='bbox 853 3876 973 3924; x_wconf 89' lang='lat' dir='ltr'><strong>meam.</strong></span> <span class='ocrx_word' id='word_1_306' title='bbox 1009 3858 1054 3944; x_wconf 65' lang='lat' dir='ltr'><strong>lp.</strong></span> <span class='ocrx_word' id='word_1_307' title='bbox 1074 3853 1118 3924; x_wconf 86' lang='lat' dir='ltr'><strong>Et</strong></span> <span class='ocrx_word' id='word_1_308' title='bbox 1137 3855 1267 3926; x_wconf 88' lang='lat' dir='ltr'><strong>clamor&#39;</strong></span> <span class='ocrx_word' id='word_1_309' title='bbox 1282 3871 1379 3922; x_wconf 89' lang='lat' dir='ltr'><strong>meus</strong></span> 
     </span>
     <span class='ocr_line' id='line_1_37' title="bbox 67 3953 1300 4051; baseline -0.001 -28"><span class='ocrx_word' id='word_1_310' title='bbox 67 3955 111 4025; x_wconf 89' lang='lat' dir='ltr'><strong>ad</strong></span> <span class='ocrx_word' id='word_1_311' title='bbox 132 3965 166 4026; x_wconf 94' lang='lat' dir='ltr'><strong>te</strong></span> <span class='ocrx_word' id='word_1_312' title='bbox 189 3956 314 4026; x_wconf 89' lang='lat' dir='ltr'><strong>veniat.</strong></span> <span class='ocrx_word' id='word_1_313' title='bbox 363 3961 404 4028; x_wconf 68' lang='lat' dir='ltr'><strong>ll.</strong></span> <span class='ocrx_word' id='word_1_314' title='bbox 428 3955 594 4029; x_wconf 89' lang='lat' dir='ltr'><strong>Dominus</strong></span> <span class='ocrx_word' id='word_1_315' title='bbox 617 3955 805 4029; x_wconf 86' lang='lat' dir='ltr'><strong>vobiscum.</strong></span> <span class='ocrx_word' id='word_1_316' title='bbox 849 3960 891 4046; x_wconf 67' lang='lat' dir='ltr'><strong>lle.</strong></span> <span class='ocrx_word' id='word_1_317' title='bbox 915 3954 959 4026; x_wconf 88' lang='lat' dir='ltr'><strong>Et</strong></span> <span class='ocrx_word' id='word_1_318' title='bbox 982 3976 1058 4025; x_wconf 88' lang='lat' dir='ltr'><strong>oum</strong></span> <span class='ocrx_word' id='word_1_319' title='bbox 1085 3953 1212 4051; x_wconf 85' lang='lat' dir='ltr'><strong>Spiritu</strong></span> <span class='ocrx_word' id='word_1_320' title='bbox 1232 3965 1300 4025; x_wconf 79' lang='lat' dir='ltr'><strong>tuo,</strong></span> 
     </span>
    </p>

    <p class='ocr_par' dir='ltr' id='par_1_17' title="bbox 142 4055 326 4128">
     <span class='ocr_line' id='line_1_38' title="bbox 142 4055 326 4128; baseline 0.007 -1.207"><span class='ocrx_word' id='word_1_321' title='bbox 142 4055 326 4128; x_wconf 88' lang='lat' dir='ltr'><strong>Oremus</strong></span> 
     </span>
    </p>

    <p class='ocr_par' dir='ltr' id='par_1_18' title="bbox 32 4153 1398 4648">
     <span class='ocr_line' id='line_1_39' title="bbox 168 4153 1378 4254; baseline -0.007 -25"><span class='ocrx_word' id='word_1_322' title='bbox 168 4158 264 4231; x_wconf 89' lang='lat' dir='ltr'><strong>Deus</strong></span> <span class='ocrx_word' id='word_1_323' title='bbox 291 4161 346 4228; x_wconf 93' lang='lat' dir='ltr'><strong>cui</strong></span> <span class='ocrx_word' id='word_1_324' title='bbox 368 4160 545 4251; x_wconf 89' lang='lat' dir='ltr'><strong>proprium</strong></span> <span class='ocrx_word' id='word_1_325' title='bbox 573 4167 626 4229; x_wconf 91' lang='lat' dir='ltr'><strong>est</strong></span> <span class='ocrx_word' id='word_1_326' title='bbox 651 4159 807 4229; x_wconf 90' lang='lat' dir='ltr'><strong>misereri</strong></span> <span class='ocrx_word' id='word_1_327' title='bbox 833 4179 970 4252; x_wconf 90' lang='lat' dir='ltr'><strong>semper</strong></span> <span class='ocrx_word' id='word_1_328' title='bbox 996 4168 1030 4229; x_wconf 90' lang='lat' dir='ltr'><strong>ct</strong></span> <span class='ocrx_word' id='word_1_329' title='bbox 1055 4177 1218 4254; x_wconf 70' lang='lat' dir='ltr'><strong>parcere,</strong></span> <span class='ocrx_word' id='word_1_330' title='bbox 1242 4153 1378 4246; x_wconf 90' lang='lat' dir='ltr'><strong>suscipe</strong></span> 
     </span>
     <span class='ocr_line' id='line_1_40' title="bbox 68 4253 1398 4353; baseline -0.01 -24"><span class='ocrx_word' id='word_1_331' title='bbox 68 4260 344 4352; x_wconf 90' lang='lat' dir='ltr'><strong>deprecationem</strong></span> <span class='ocrx_word' id='word_1_332' title='bbox 363 4267 514 4332; x_wconf 89' lang='lat' dir='ltr'><strong>nostram</strong></span> <span class='ocrx_word' id='word_1_333' title='bbox 534 4267 568 4328; x_wconf 93' lang='lat' dir='ltr'><strong>et</strong></span> <span class='ocrx_word' id='word_1_334' title='bbox 585 4257 675 4329; x_wconf 91' lang='lat' dir='ltr'><strong>hunc</strong></span> <span class='ocrx_word' id='word_1_335' title='bbox 694 4257 857 4328; x_wconf 86' lang='lat' dir='ltr'><strong>famulum</strong></span> <span class='ocrx_word' id='word_1_336' title='bbox 876 4268 968 4329; x_wconf 91' lang='lat' dir='ltr'><strong>tuum</strong></span> <span class='ocrx_word' id='word_1_337' title='bbox 985 4255 1088 4353; x_wconf 90' lang='lat' dir='ltr'><strong>(hauc</strong></span> <span class='ocrx_word' id='word_1_338' title='bbox 1101 4253 1260 4326; x_wconf 81' lang='lat' dir='ltr'><strong>famulam</strong></span> <span class='ocrx_word' id='word_1_339' title='bbox 1273 4261 1398 4341; x_wconf 73' lang='lat' dir='ltr'><strong>tuam,‚</strong></span> 
     </span>
     <span class='ocr_line' id='line_1_41' title="bbox 68 4351 1378 4455; baseline -0.004 -26"><span class='ocrx_word' id='word_1_340' title='bbox 68 4361 132 4431; x_wconf 90' lang='lat' dir='ltr'><strong>hos</strong></span> <span class='ocrx_word' id='word_1_341' title='bbox 151 4358 297 4433; x_wconf 87' lang='lat' dir='ltr'><strong>famulos</strong></span> <span class='ocrx_word' id='word_1_342' title='bbox 317 4372 410 4448; x_wconf 67' lang='lat' dir='ltr'><strong>tuos,</strong></span> <span class='ocrx_word' id='word_1_343' title='bbox 434 4358 495 4430; x_wconf 92' lang='lat' dir='ltr'><strong>has</strong></span> <span class='ocrx_word' id='word_1_344' title='bbox 515 4358 660 4432; x_wconf 84' lang='lat' dir='ltr'><strong>famulas</strong></span> <span class='ocrx_word' id='word_1_345' title='bbox 682 4358 772 4454; x_wconf 91' lang='lat' dir='ltr'><strong>tuas)</strong></span> <span class='ocrx_word' id='word_1_346' title='bbox 802 4382 902 4453; x_wconf 91' lang='lat' dir='ltr'><strong>quem</strong></span> <span class='ocrx_word' id='word_1_347' title='bbox 921 4356 1050 4455; x_wconf 78' lang='lat' dir='ltr'><strong>(quam,</strong></span> <span class='ocrx_word' id='word_1_348' title='bbox 1073 4375 1171 4450; x_wconf 73' lang='lat' dir='ltr'><strong>quos,</strong></span> <span class='ocrx_word' id='word_1_349' title='bbox 1195 4351 1295 4448; x_wconf 86' lang='lat' dir='ltr'><strong>quas)</strong></span> <span class='ocrx_word' id='word_1_350' title='bbox 1318 4375 1378 4423; x_wconf 89' lang='lat' dir='ltr'><strong>ex-</strong></span> 
     </span>
     <span class='ocr_line' id='line_1_42' title="bbox 67 4452 1379 4553; baseline -0.004 -25"><span class='ocrx_word' id='word_1_351' title='bbox 67 4464 380 4545; x_wconf 83' lang='lat' dir='ltr'><strong>communicationis</strong></span> <span class='ocrx_word' id='word_1_352' title='bbox 406 4464 573 4540; x_wconf 85' lang='lat' dir='ltr'><strong>sententia</strong></span> <span class='ocrx_word' id='word_1_353' title='bbox 600 4463 819 4553; x_wconf 77' lang='lat' dir='ltr'><strong>constringit,</strong></span> <span class='ocrx_word' id='word_1_354' title='bbox 847 4463 1020 4534; x_wconf 92' lang='lat' dir='ltr'><strong>miseratio</strong></span> <span class='ocrx_word' id='word_1_355' title='bbox 1046 4468 1125 4528; x_wconf 86' lang='lat' dir='ltr'><strong>tuae</strong></span> <span class='ocrx_word' id='word_1_356' title='bbox 1147 4457 1281 4551; x_wconf 91' lang='lat' dir='ltr'><strong>pietatis</strong></span> <span class='ocrx_word' id='word_1_357' title='bbox 1309 4452 1379 4523; x_wconf 91' lang='lat' dir='ltr'><strong>cle-</strong></span> 
     </span>
     <span class='ocr_line' id='line_1_43' title="bbox 32 4554 1325 4648; baseline -0.005 -16"><span class='ocrx_word' id='word_1_358' title='bbox 32 4570 200 4632; x_wconf 75' lang='lat' dir='ltr'><strong>‘menter</strong></span> <span class='ocrx_word' id='word_1_359' title='bbox 211 4561 384 4636; x_wconf 89' lang='lat' dir='ltr'><strong>absolvat.</strong></span> <span class='ocrx_word' id='word_1_360' title='bbox 424 4563 493 4633; x_wconf 89' lang='lat' dir='ltr'><strong>Per</strong></span> <span class='ocrx_word' id='word_1_361' title='bbox 516 4558 686 4634; x_wconf 90' lang='lat' dir='ltr'><strong>Christum</strong></span> <span class='ocrx_word' id='word_1_362' title='bbox 711 4563 895 4633; x_wconf 87' lang='lat' dir='ltr'><strong>Dominum</strong></span> <span class='ocrx_word' id='word_1_363' title='bbox 919 4569 1083 4633; x_wconf 89' lang='lat' dir='ltr'><strong>nostrum</strong></span> <span class='ocrx_word' id='word_1_364' title='bbox 1132 4554 1270 4648; x_wconf 63' lang='lat' dir='ltr'><strong>lpAm</strong></span> <span class='ocrx_word' id='word_1_365' title='bbox 1271 4576 1325 4626; x_wconf 92' lang='lat' dir='ltr'><strong>en</strong></span> 
     </span>
    </p>
   </div>
   <div class='ocr_carea' id='block_1_11' title="bbox 0 0 1606 5176">
    <p class='ocr_par' dir='ltr' id='par_1_19' title="bbox 0 0 1606 5176">
     <span class='ocr_line' id='line_1_44' title="bbox 0 0 1606 5176; baseline 0 1"><span class='ocrx_word' id='word_1_366' title='bbox 0 0 1606 5176; x_wconf 95' lang='lat' dir='ltr'><strong> </strong></span> 
     </span>
    </p>
   </div>
  </div>
 </body>
</html>
