3202 5176
763 307 837 377 288

144 495 239 567 tione
263 489 482 584 negligenter
508 489 648 581 egistis,
680 510 748 566 ves
781 488 939 564 absolvat
971 488 1081 561 sancti
1112 490 1165 562 sui
1201 489 1380 581 sauguinis
1413 491 1464 562 in-

140 597 384 682 terrentiano,
419 594 477 685 qui
502 592 537 661 in
566 595 805 667 remissionem
835 602 1058 688 peccatorum
1085 591 1214 664 elinsus
1235 601 1288 665 est
1311 600 1463 686 atquae

142 697 290 770 vinculis
318 703 540 789 peccaterum
570 695 752 794 absolutos
773 694 967 791 perducere
994 693 1154 785 dignetur
1178 691 1222 762 ad
1246 712 1359 786 regna
1380 716 1462 765 coe·

144 795 547 986 lorum'l'uuhjbbhdspergat
561 926 614 971 eos
628 924 703 988 aqua
715 906 872 969 benedicta
886 914 917 967 et
929 905 1078 966 thurificet
1092 920 1145 966 eos
1159 904 1275 966 dicens:
1289 894 1461 989 Exurgite

143 1002 203 1096 qui
216 999 382 1089 dormitis,
396 1003 556 1092 exurgite
570 1024 590 1072 a
605 1003 747 1074 mortuis
761 1010 795 1072 et
808 997 1008 1071 illuminabit
1021 1020 1087 1072 vos
1102 993 1267 1070 Christus.
1288 1007 1398 1070 Ultimo
1414 1009 1463 1070 dat

143 1114 189 1173 eis
206 1112 418 1190 indulgentiam
431 1121 520 1193 prout
534 1114 591 1173 sihi
604 1113 758 1194 placuerit.
800 1111 864 1186 Qus
876 1111 944 1172 data
957 1111 1089 1172 manibus
1105 1109 1230 1170 elevetis
1245 1117 1274 1170 et
1287 1129 1377 1191 supra
1393 1111 1461 1173 illos

143 1215 277 1276 extensis
292 1214 363 1275 dicit
377 1214 550 1276 sollemnem
566 1214 814 1276 benedictionem.
855 1202 1021 1276 Precibus
1042 1213 1077 1274 et
1095 1205 1225 1275 meritis
1247 1202 1372 1275 heatae
1388 1202 1461 1276 Ma·

141 1310 217 1378 riae
239 1328 375 1402 semper
395 1309 552 1399 virginis,
578 1307 670 1379 beati
689 1306 869 1387 Michaelis
891 1303 1102 1398 archangeli,
1124 1304 1217 1375 beati
1236 1302 1376 1383 Ioannis
1394 1305 1461 1376 Ba-

142 1409 279 1505 pastae,
306 1418 501 1481 sanctorum
524 1409 774 1504 Apostolorum
796 1409 890 1480 Petri
917 1417 952 1478 et
971 1408 1069 1480 Pauli
1095 1417 1130 1478 et
1151 1410 1298 1477 omnium
1316 1404 1476 1480 Sancto-¹

142 1531 219 1581 rnm
246 1513 449 1584 misereatur
471 1514 586 1584 vestri.
602 1514 816 1610 omnipotens
839 1511 935 1582 Deus
965 1518 999 1583 et
1026 1509 1172 1582 dimissis
1195 1508 1352 1582 omnihus
1379 1530 1460 1605 pec-

142 1613 228 1685 cetis
257 1615 383 1686 vestris
409 1613 576 1708 perducat
600 1635 666 1687 vos
694 1614 868 1700 advitam
893 1622 1076 1684 aeternum.
1120 1610 1245 1683 Amen

50 1763 57 1773 ·
137 1763 141 1768 -
244 1713 516 1806 Indulgentiam
554 1715 806 1790 ahsolutionem
837 1726 873 1788 et
905 1717 1143 1789 remissionem
1165 1717 1317 1791 omnium
1335 1735 1458 1810 pecca·

139 1823 255 1989 tpppm
280 1827 477 1890 vestrorum
501 1817 626 1891 tribuat
645 1819 746 1893 vobis
766 1821 982 1914 omnipotens
1005 1826 1039 1889 et
1057 1818 1255 1890 misericors
1281 1816 1457 1891 Dominus.

213 1940 266 1989 en.

244 2028 355 2090 Ultimo
383 2030 534 2092 benedicit
561 2032 605 2092 eis
635 2033 754 2094 dicens:
795 2020 984 2093 Benedicat
1016 2040 1084 2094 vos
1114 2020 1330 2116 omnipotens
1364 2020 1458 2094 Deus

141 2116 237 2211 Ρη
253 2130 325 2211 ter,
352 2132 387 2194 et
408 2121 493 2214 Fid
509 2125 575 2198 lius
602 2135 637 2199 et
663 2124 809 2221 Spiritus
830 2120 862 2215 †
887 2120 1043 2197 Sanctus.
1095 2121 1220 2194 Amen.

247 2231 313 2307 Quo
326 2235 406 2296 facto
421 2237 518 2297 crines
534 2246 565 2296 ct
578 2235 714 2317 barbam,
729 2236 1007 2318 premereiment,
1026 2233 1180 2314 deponunt
1194 2243 1224 2296 et
1236 2234 1373 2297 vestibus
1386 2251 1457 2316 pce

142 2333 343 2397 nitentialibus
357 2337 484 2399 dimissis
497 2357 531 2400 se
546 2339 719 2403 cultioribus
734 2349 764 2401 et
779 2320 981 2400 mundioribus
989 2337 1128 2403 induunt.

702 2577 897 2590 μ--ηιι

139 2827 191 2905 11.
221 2830 348 2904 oneo
374 2830 611 2918 numanus
638 2834 984 2915 ronmnnrrnmu
1008 2788 1249 2910 rumaren
1269 2837 1299 2910 n
1318 2837 1456 2912 omno

375 2950 566 3024 nnuman
588 2952 707 3028 nors
736 2956 798 3027 nn
826 2954 1008 3028 eanum
1033 2979 1065 3050 p.
1095 2947 1178 3028 133.
1189 2954 1221 3054 1)

51 3219 54 3222 ἡ
245 3127 316 3192 Gom
331 3133 448 3192 venerit
460 3133 566 3214 aliquis
580 3133 616 3195 ad
630 3137 817 3199 sacerdotem
831 3136 966 3199 conliterl
979 3146 1101 3216 peccata
1117 3123 1222 3224 sua‚²)
1237 3137 1355 3198 mandet
1368 3137 1396 3197 ei
1411 3152 1456 3196 sa·

139 3230 265 3309 cardos,
288 3242 320 3293 nt
340 3243 480 3314 expectet
497 3238 642 3297 modicum
663 3239 760 3301 donec
782 3242 922 3328 intretlin
944 3238 1110 3300 cubiculum
1127 3258 1212 3300 sunm
1226 3238 1262 3301 ed
1278 3239 1453 3301 orationem.

139 3323 324 3423 Slautem3)
339 3352 399 3397 uon
415 3337 551 3399 habuerit
565 3340 744 3428 cubiculum,
760 3351 929 3423 prosternat
943 3359 976 3401 se
991 3342 1019 3401 in
1035 3326 1170 3402 oratiohe
1190 3351 1219 3404 et
1232 3341 1316 3405 dicat.
1326 3326 1362 3415 4)
1488 3395 1493 3406 .

101 3499 107 3509 ,
240 3426 387 3499 Domine
413 3429 540 3522 Deus„
555 3436 788 3535 omnipotens,
814 3436 981 3530 propitius
1005 3443 1079 3505 esto
1103 3435 1184 3506 mihi
1204 3435 1391 3530 peccatori,
1418 3421 1484 3503 nt'

57 3597 61 3602 ,
139 3526 310 3620 condigne
336 3534 465 3626 possim
492 3535 551 3604 tihi
577 3538 705 3627 gratias
732 3559 851 3628 agere,
875 3540 932 3631 qui
951 3557 1007 3604 me
1029 3531 1204 3627 indiguum
1225 3544 1368 3631 propter
1395 3537 1456 3604 mi-

66 3693 69 3700 .
137 3632 363 3703 sericerdiem
394 3637 583 3707 ministrum
612 3636 725 3711 fecisti
751 3637 860 3713 oflicii
887 3637 1134 3727 sacerdotalis,
1160 3649 1193 3708 et
1215 3659 1275 3708 me·
1291 3639 1455 3728 exignum

137 3728 367 3828 humilemque
395 3736 618 3808 mediatorem
641 3743 845 3814 constituisti
867 3741 910 3811 ad
932 3738 1097 3810 erundum
1119 3750 1153 3810 et
1175 3739 1457 3810 intercedendum

136 3831 182 3902 ad
200 3830 381 3907 Dominum
401 3848 555 3910 nostrum
581 3841 695 3914 lesum
717 3841 899 3932 Christum,
921 3862 984 3937 pro
1005 3842 1245 3936 peecatoribus
1267 3840 1311 3910 ad
1336 3843 1457 3935 poeni-

135 3939 275 4008 tentiam
295 3940 569 4034 revertentibus,
596 3940 747 4042 ideoque
773 3945 965 4018 dominator
984 3943 1143 4034 Domine,
1164 3947 1222 4038 qui
1245 3963 1366 4014 omnes
1395 3940 1458 4012 he-

194 4246 224 4326 1)
238 4250 355 4307 Adieeta
368 4255 410 4306 est
419 4251 554 4323 scripturn
566 4253 677 4311 Codicis
688 4253 772 4311 Siculi
785 4254 857 4326 apud
867 4256 998 4313 hlorinnm
1011 4265 1038 4316 et
1046 4255 1156 4314 Codicis
1167 4253 1234 4312 Bihl.
1245 4253 1323 4313 Caes.
1333 4254 1459 4314 Vindoh.

127 4348 210 4388 saec.
225 4329 260 4389 X.
279 4335 404 4391 Gerhert.
419 4331 531 4393 licuit.
546 4338 580 4395 Α.
593 4337 627 4395 ll.
643 4355 669 4410 p.
682 4340 716 4392 25
728 4356 771 4410 sq.

197 4416 229 4494 2)
247 4417 303 4477 Sic.
322 4435 417 4477 more
443 4420 559 4479 solito
581 4438 653 4478 cum
673 4423 814 4494 uliquis
834 4425 976 4483 venerit
999 4434 1053 4484 etc.
1089 4424 1171 4481 Vind.
1192 4423 1459 4481 omittitomniens-

135 4518 189 4574 qne
207 4502 242 4557 ud
260 4505 344 4560 rerba
364 4523 434 4577 quae
448 4506 520 4564 inira
536 4508 677 4576 legunturt
698 4508 789 4567 Tunc
810 4507 1027 4582 interroget
1040 4526 1113 4566 eum
1131 4509 1259 4566 dicens
1274 4516 1327 4566 etc.
1351 4505 1385 4584 3)
1400 4509 1459 4565 Sic.

10 4622 14 4629 -
136 4587 273 4645 rectiussi
292 4596 414 4646 autem.
442 4585 1459 4666 4)Sic.priusinsecretocordishuucdicutorationem.
