3202 5176
595 1212 860 1303 CAPUT
906 1212 981 1301 IV.
1092 1219 1102 1235 ’

328 1452 502 1522 Ordines
534 1454 587 1523 ‘ud
624 1450 1003 1523 communicandam
1030 1447 1256 1540 infirmum.

693 1674 892 1686 ...υ--..ωα-

136 1864 166 1938 ι.
192 1865 256 1936 sn
275 1866 470 1959 noanon
492 1863 675 1950 unrocus
697 1860 1050 1938 naumurrscorr
1072 1853 1459 1963 nocuuuruuusrs

660 1984 775 2057 auur
805 1987 913 2057 1513.
1032 2056 1042 2073 ,
1468 2020 1474 2033 ·

157 2223 163 2236 ,
240 2164 406 2244 Antequam
434 2162 581 2224 Sacerdos
606 2172 744 2243 apportet
772 2165 991 2226 Sacramentum
1007 2159 1240 2235 -llucharistiae,
1271 2146 1402 2218 ac'eedat
1424 2152 1455 2214 ad

139 2265 298 2344 lnlrrmum‚
318 2276 348 2327 ut
363 2266 461 2328 audiat
475 2268 538 2326 eius
554 2264 779 2327 Co'niessionem
795 2276 906 2328 attente
914 2266 951 2326 et
962 2263 1149 2341 integraliter
1166 2279 1230 2321 cum
1245 2259 1453 2320 immoratione

139 2368 251 2432 debita:
278 2368 436 2431 secuudum
453 2369 530 2448 quod
543 2370 638 2428 visum
651 2368 740 2429 luerit
753 2370 839 2430 saluti
852 2369 1025 2435 infirmantis
1040 2364 1183 2446 expedire
1198 2372 1228 2423 et
1243 2363 1379 2423 adversa
1397 2360 1455 2418 eius
1488 2398 1493 2409 ·

138 2470 278 2534 valetudo
293 2458 509 2552 permiserttl).
543 2470 651 2532 Postea
673 2470 790 2532 indutus
812 2470 1031 2552 superpelliceo
1053 2478 1083 2529 et
1104 2466 1181 2528 stola
1203 2464 1328 2526 delerat
1344 2460 1453 2562 Dorpus

137 2560 254 2633 Domini
271 2593 318 2634 ex
340 2577 468 2637 ecclesia
489 2553 673 2634 reverenter.
710 2575 912 2635 Praecedente
933 2592 999 2633 eum
1021 2570 1136 2650 aliquo,
1159 2562 1207 2648 qdi
1227 2566 1337 2646 portet
1362 2564 1451 2625 lumen

139 2685 168 2735 et
182 2677 320 2738 tintinnct
334 2679 430 2740 uolam
438 2663 480 2752 ².)
490 2687 531 2741 et
537 2695 602 2778 cum
617 2679 816 2756 pervenerint
823 2676 861 2737 ad
874 2676 971 2736 locum
985 2673 1093 2734 lnlirmi
1106 2673 1185 2732 dicat
1198 2670 1373 2731 Sacerdos·

225 2897 294 2977 )
271 2900 395 2955 Canones
406 2901 541 2956 ecclesiae
551 2902 754 2959 Cameracensis
766 2920 839 2959 saec.
849 2904 917 2959 ΧΙΙΙ.
931 2898 1142 2977 (uarrenccoll.
1150 2896 1240 2970 Ampl
1249 2896 1312 2956 Vll
1321 2912 1351 2967 p.
1362 2892 1450 2965 lacot:

127 2985 204 3040 ‚Cum
215 2962 335 3040 infirmus
347 2985 538 3040 communicari
553 2986 699 3041 voluerit
681 2989 776 3058 ‚prius
777 2978 893 3055 visitet
898 3005 959 3043 eum
973 2983 1154 3055 Presbyter'
1132 3000 1191 3040 sune
1203 2982 1338 3052 Corpore
1350 2974 1450 3059 Domini

139 3076 166 3125 et
177 3068 325 3139 diligenter
337 3069 676 3126 audiatConlessiouem
653 3089 710 3127 erus
723 3080 824 3143 etpost
836 3072 869 3126 ad
882 3072 1027 3128 eeclesiam
1040 3070 1142 3125 redeat.
1199 3063 1451 3141 2)·StatutaEecle

139 3155 196 3209 siae
222 3155 434 3211 Cenomanensis
456 3170 528 3210 saec.
549 3156 621 3212 lllll.
640 3155 773 3231 (llartene
795 3158 850 3215 l..e
873 3175 901 3228 p.
914 3156 1006 3231 1384).
1043 3157 1136 3209 ltem
1128 3169 1187 3207 eum
1212 3151 1399 3222 presbyteros
1422 3145 1452 3202 ad
1476 3188 1479 3195 .

140 3238 389 3293 communicandum
405 3239 525 3293 infirmos
537 3240 685 3309 eontrgerir
696 3243 817 3312 evocari,
830 3242 902 3296 omni
918 3241 1048 3297 dilatione
1067 3246 1094 3295 et
1112 3236 1259 3292 occasione
1280 3232 1452 3306 postpositis,

140 3322 174 3376 ad
192 3337 241 3376 eos
262 3321 393 3378 accedant
410 3330 437 3378 et
454 3316 558 3394 'Corpus
578 3324 675 3380 Christi
699 3344 756 3381 eum
774 3343 878 3399 magna
889 3324 1043 3380 reverentia
1062 3330 1090 3378 et
1099 3321 1261 3376 maturitate
1280 3317 1453 3374 deierantur

139 3405 239 3476 pyxide
252 3405 351 3461 idonea
366 3414 393 3462 et
407 3408 478 3462 bene
490 3409 579 3463 clausa
596 3417 709 3480 propter
721 3427 821 3476 casum
834 3427 884 3464 nec
900 3409 933 3464 ad
948 3410 1001 3463 hoc
1013 3409 1148 3463 Diaconos
1167 3405 1286 3460 mittant:
1312 3421 1360 3459 ae·
1355 3400 1454 3458 eundo

140 3498 168 3545 et
188 3489 327 3547 redeundo
352 3500 455 3564 septem
481 3493 602 3548 Psalmos
619 3495 829 3566 poenitentiales
852 3480 898 3549 vel
920 3484 1016 3550 saltem
1037 3491 1166 3547 litaniam
1192 3489 1291 3543 dicant.
1328 3489 1456 3544 Maneant

140 3574 220 3629 ctiam
232 3576 412 3645 parochianos
427 3585 454 3632 et
468 3557 616 3648 diligenter
630 3578 766 3649 inducant
778 3586 806 3634 ut
817 3596 876 3633 eum
889 3579 1078 3648 Presbyterum
1096 3575 1205 3631 deterre
1220 3572 1375 3642 contigerit
1394 3586 1456 3635 eor·
1463 3568 1470 3582 ⁶

139 3675 189 3729 pus
198 3659 307 3729 Christi,
316 3655 460 3717 creatori
447 3679 565 3719 succum
577 3679 699 3718 manuum
711 3664 847 3719 iunctione
861 3671 888 3718 et
900 3661 1142 3733 genuumdcxione
1153 3659 1216 3738 dum
1226 3656 1337 3728 transit,
1346 3664 1457 3713 orantes
1500 3720 1503 3727 ¹

140 3741 264 3800 devotius
277 3745 401 3800 studeant
410 3745 548 3803 inclinare.
564 3746 614 3802 Eis
628 3747 760 3819 siquidem
776 3765 820 3820 qur
813 3748 917 3803 corde
926 3748 1044 3802 contrito
1056 3746 1244 3816 presbyterum
1260 3734 1323 3796 cium
1336 3756 1457 3815 corpore

140 3827 238 3885 Christi
250 3827 351 3885 devote
368 3829 493 3885 duxerint
505 3838 532 3886 et
543 3831 713 3902 reduxerint,
725 3833 820 3888 decem
836 3831 894 3887 dies
912 3831 948 3886 de
958 3831 1095 3899 condigna
1110 3826 1278 3901 poenitentia
1294 3826 1458 3884 misericor·

139 3911 210 3967 diter
220 3914 382 3969 relaxamus
394 3916 506 3971 statuta
519 3904 722 3973 Cameracensis
735 3918 802 3976 ecel.
818 3919 891 3972 sdec
901 3915 973 3970 Xlll
988 3915 1152 4011 (Martenel.
1165 3909 1203 3988 c.)
1225 3892 1408 3968 Cum-iturus
1410 3910 1471 3967 erit

140 3995 174 4051 ad
185 3998 432 4055 communicandum
447 3999 595 4070 infirmum
613 4004 698 4074 prius·
706 4002 850 4073 aliquanto
860 4000 949 4071 spatio
970 3998 1102 4070 eampaua'
1119 3997 1208 4068 aliquo
1224 4001 1304 4051 certo
1325 3994 1461 4069 siguald

77 4135 83 4143 ,
138 4081 191 4136 hoc
205 4082 345 4153 distincto,
357 4090 385 4138 ut
400 4082 542 4142 lidelesad
557 4087 702 4144 ecclesiam
715 4086 900 4142 conveniant·'
917 4085 962 4157 qui
980 4083 1159 4142 Sacerdotem
1177 4081 1349 4136 delerelrtem
1365 4076 1471 4138 Domi-⁸

138 4182 199 4220 uum
219 4182 295 4223 suum
315 4176 342 4223 et
361 4183 455 4224 omnes
473 4180 634 4227 reverenter
655 4178 682 4225 et
703 4171 827 4234 ordinate
848 4171 1063 4241 subsequantur,
1086 4175 1114 4222 et
1133 4166 1275 4222 orationes
1290 4182 1374 4240 suas,
1395 4178 1462 4241 qum

139 4249 237 4319 sciunt,
254 4252 345 4308 dicunt
362 4252 462 4309 devote
479 4271 530 4326 pro
549 4256 655 4311 infirmo
675 4255 763 4309 eundo
780 4263 807 4310 et
827 4254 976 4313 redeundo.
1011 4252 1147 4310 Sacerdos
1158 4248 1246 4306 autem
1259 4256 1305 4305 cat
1317 4254 1352 4308 ‘et
1364 4252 1465 4310 redeat
1494 4304 1499 4317 ,

139 4332 255 4401 dicendo
269 4344 372 4408 septem
384 4339 522 4409 psalmas3
536 4347 563 4394 et
574 4340 598 4395 si
611 4339 654 4395 via
665 4339 752 4394 luerit
764 4339 884 4417 longior,
897 4338 979 4394 addat
993 4337 1147 4410 quindecim
1161 4314 1280 4407 psalmos
1292 4343 1322 4391 et
1339 4337 1465 4395 litaniam

139 4423 167 4471 et
181 4425 288 4474 ceteras
304 4422 452 4478 orationes:
481 4422 592 4479 lncedat
607 4429 696 4478 autem
714 4440 774 4478 eum
786 4410 905 4484 lucerna
918 4431 945 4479 et
954 4422 1120 4494 campanula
1133 4419 1381 4495 praecedentibus
1411 4425 1465 4481 De·

139 4501 242 4559 feratur
259 4512 349 4559 autem
361 4522 460 4578 corpus
478 4507 577 4563 Christi
591 4507 787 4564 venerabiliter
802 4514 830 4562 et
845 4508 1031 4578 sollemniter,
1052 4506 1144 4578 posito
1160 4503 1269 4560 decenti
1285 4509 1476 4582 cooperculo.

139 4602 221 4658 super
235 4580 358 4661 calicem,
370 4607 451 4647 cruce
462 4593 637 4665 superposita
648 4608 739 4665 pauno
754 4599 782 4648 et
796 4593 909 4650 fimbriis
924 4593 1021 4651 sericis
1033 4591 1178 4647 adornato.
1239 4656 1244 4665 Ι
1355 4650 1364 4666 ‚
