3202 5176
812 306 890 391 '338

197 515 241 602 lp.
274 506 398 604 Amen.
450 510 493 578 u,
524 504 671 576 Domine
699 502 826 574 exandi
853 505 1043 574 orationem
1069 524 1188 574 meam.
1243 505 1286 593 ip.
1314 502 1357 574 Et
1385 503 1517 575 clamor
1568 523 1576 535 ·

198 633 296 684 mous
318 610 361 681 ad
381 619 416 681 te
435 608 561 679 veniat.
601 615 642 681 tt.
663 606 830 678 Dominus
850 605 1039 679 vobiscum.
1080 612 1123 697 ip.
1144 605 1189 676 Et
1210 627 1287 675 oum
1307 608 1429 701 spiritu
1446 616 1515 677 tuo.

304 710 458 784 Oremus.
514 709 590 780 Tibi
612 708 760 781 Domine
791 708 1068 781 commendamus
1098 711 1243 779 animam
1263 707 1382 779 famuli
1403 711 1454 779 tui
1476 706 1516 779 N.

198 826 234 887 ut
256 813 436 887 defunctus
460 812 601 884 saeculo
622 811 682 883 tibi
707 813 821 882 vivat:
853 820 887 881 et
910 832 998 905 quae
1019 832 1083 905 per
1104 810 1325 904 fragilitatem
1347 811 1517 882 humanae

198 918 472 989 conversationis
494 923 637 1009 peccata
661 915 840 1002 commisit,
863 922 899 984 tu
921 915 1024 984 venia
1046 912 1387 986 misericordissimae
1408 916 1517 1009 pieta-

197 1021 240 1091 tis
267 1018 438 1111 absterge.
485 1016 560 1088 Per.
571 1012 602 1111 ¹)

300 1129 419 1191 Interim
431 1129 518 1189 detur
527 1144 685 1206 campanae
693 1127 809 1204 signum
820 1128 959 1188 transitus
970 1124 1102 1186 defuncti
1113 1144 1168 1206 pro
1178 1126 1236 1188 loci
1245 1125 1473 1204 consuetudine,
1482 1113 1515 1204 ²)

118 1224 134 1237 ‘
197 1242 229 1292 nt
242 1231 396 1292 audientes
410 1250 466 1312 pro
483 1232 548 1291 ,eius
562 1231 656 1290 anima
669 1228 762 1290 Deum
777 1238 946 1310 precentur.
983 1228 1099 1290 Deinde
1113 1247 1222 1309 corpus
1238 1229 1275 1290 de
1289 1248 1373 1291 more
1388 1229 1515 1290 honeste

198 1336 392 1414 compositum
407 1334 466 1395 loci
483 1332 600 1393 decenti
617 1350 680 1391 cum
695 1320 844 1419 lumine³)
860 1331 1039 1394 collocetur:
1053 1349 1088 1391 ac
1102 1350 1191 1411 parra
1208 1329 1286 1392 Crux
1301 1350 1392 1412 super
1411 1340 1514 1419 pectus

197 1439 275 1497 inter
289 1451 391 1497 manus
404 1437 536 1497 defuncti
551 1442 694 1514 ponatur:
710 1442 758 1494 aut
775 1436 823 1496 ubi
839 1432 919 1496 Crux
933 1433 1023 1512 desit,
1035 1451 1136 1495 manus
1150 1436 1179 1494 iu
1195 1435 1311 1496 modum
1321 1433 1427 1496 Crucis
1438 1451 1514 1508 com·
1588 1471 1590 1475 ν

196 1542 361 1618 ponantur:
384 1538 588 1616 interdumque
606 1545 783 1615 aspergatur
804 1555 880 1617 aqna
901 1536 1108 1598 benedicta-et
1121 1537 1238 1599 interim
1253 1536 1350 1600 dones
1365 1537 1514 1611 efferatur,

198 1643 247 1721 qni
263 1641 367 1703 adsunt
383 1643 448 1702 sive
462 1640 640 1701 Sacerdotes
656 1641 721 1700 sire
736 1639 785 1700 alii
801 1641 927 1701 orabunt
940 1657 996 1719 pro
1011 1639 1162 1700 defuncto.

512 2008 515 2013 ’
569 2028 649 2108 v1.
695 2034 770 2109 nn
809 2033 1131 2119 arnonius.

649 2171 706 2242 Ex
732 2170 861 2241 Rituali
886 2170 1061 2270 Romano..

304 2352 341 2360 —
368 2350 405 2359 —
425 2307 511 2392 Quod
526 2317 718 2399 antiquissimi
734 2325 780 2376 est
792 2316 918 2376 instituti
932 2315 1003 2376 illud
1018 2326 1155 2397 quantum
1170 2318 1233 2379 lieri
1247 2321 1372 2398 poterit,
1387 2321 1512 2382 retinen·

195 2433 259 2500 tor,
281 2431 312 2482 ut
325 2419 414 2481 Missa
427 2430 586 2501 praesente
600 2438 729 2500 corpore
742 2417 874 2480 defuncti
888 2437 942 2499 pro
959 2435 995 2480 eo
1011 2419 1197 2498 celebretur,
1211 2430 1368 2501 antequam
1381 2423 1513 2502 sepultu-

195 2543 248 2586 rae
259 2523 399 2585 tradatur.

124 2702 126 2706 y
296 2627 329 2686 Si
350 2627 415 2707 quis
435 2624 483 2686 die
497 2625 575 2687 festo
588 2626 629 2693 sit
642 2621 852 2708 sepeliendus,
874 2619 965 2684 liliosa
978 2625 1098 2705 propria
1113 2643 1168 2713 ppo
1183 2625 1338 2686 Defunctis
1353 2635 1511 2706 praesente

195 2747 323 2809 corpore
342 2729 485 2790 celebrari
506 2730 635 2809 poterit,
659 2726 726 2788 dum
740 2735 838 2797 tamen
852 2724 1066 2788 Conventualis
1080 2729 1168 2789 missa
1183 2737 1213 2789 et
1227 2728 1325 2789 officia
1340 2727 1441 2790 divina
1454 2746 1521 2803 uon,

195 2831 410 2911 impediantur,
428 2849 594 2910 magnaque
611 2828 672 2890 diei
687 2829 845 2890 celebritas
860 2846 920 2889 uon
934 2828 1044 2892 obstet.

297 2931 426 2994 caveant
445 2933 563 2993 omnino
578 2933 704 2993 Parochi
721 2930 831 3010 aliique
844 2929 1024 3006 Sacerdotes
1038 2951 1076 2993 ne
1090 2931 1242 3011 sepultura
1256 2932 1304 2993 vel
1321 2935 1512 3013 exequiarum

195 3053 248 3095 seu
275 3035 467 3095 anniversarii
488 3043 667 3095 mortuorum
690 3033 782 3094 offleii
806 3052 892 3094 causa
914 3033 1068 3127 quidquam
1090 3036 1275 3119 paciscantur
1295 3044 1344 3096 aut
1366 3044 1511 3116 tamquam

195 3139 321 3216 pretium
336 3139 474 3216 exigant:
493 3135 547 3195 sed
562 3137 598 3196 iis
614 3136 812 3213 eleemosynis
828 3137 960 3197 contenti
975 3139 1049 3215 sint,
1064 3155 1139 3217 quae
1154 3145 1202 3199 aut
1216 3138 1341 3218 probata
1355 3147 1519 3221 consuetu·-

195 3238 264 3301 dine
279 3239 341 3299 dari
354 3239 464 3315 solent,
480 3247 528 3299 aut
542 3239 714 3299 Ordinarius
730 3225 968 3314 constituerit4)

207 3402 405 3417 ιὺ--ι-ι

257 3504 270 3554 1
308 3501 381 3557 llaec
395 3501 490 3558 (teatio
512 3502 588 3558 duxit
612 3502 861 3559 esacramentario
877 3502 1015 3574 Gregorii.
1044 3501 1111 3559 Cod.
1131 3501 1218 3558 Vatis.
1235 3503 1315 3558 atsi
1332 3504 1396 3576 qua
1414 3533 1454 3543 —-
1471 3535 1513 3546 --

194 3582 354 3642 admisit:
371 3593 399 3643 at
412 3604 557 3659 perperam
570 3587 660 3660 posita
676 3604 737 3644 esse
753 3587 861 3644 videtur
875 3589 902 3643 in
917 3589 970 3645 boc
984 3588 1118 3645 sententia
1133 3587 1303 3658 hypothesis.

255 3666 286 3745 2)
308 3671 399 3727 Variis
423 3672 575 3729 nominibus
601 3673 628 3728 in
650 3671 767 3728 diversis
791 3673 951 3743 regionibus
970 3673 1137 3745 appellatur:
1158 3673 1364 3743 Transitus,
1388 3671 1512 3729 Extre-

193 3771 296 3825 mum,
316 3756 392 3812 Ave
408 3757 517 3814 llario
534 3765 770 3827 mortuorum,
792 3758 1162 3830 Scheideglbclrlein,
1178 3757 1442 3828 ngengloclre
1457 3765 1511 3814 etc.

254 3836 284 3914 3)
305 3843 402 3903 bmneu
423 3841 489 3897 illud
510 3842 647 3913 signifieat
672 3843 753 3899 tidem
766 3842 903 3912 defuncti,
928 3860 996 3915 quae
1011 3858 1099 3915 neque
1114 3858 1163 3914 per
1178 3849 1293 3898 mortem
1308 3843 1445 3900 exstincta
1460 3850 1511 3903 est.

194 3923 312 3983 Amalar.
331 3926 366 3982 de
380 3927 448 3982 eccl.
465 3927 537 3984 ofiic.
557 3928 578 3998 l,
594 3945 618 3982 c.
634 3926 676 3985 17.
705 3924 794 3985 Porro
807 3927 918 3999 indicat,
933 3929 1035 3985 animas
1049 3928 1144 3985 vivere
1159 3935 1188 3984 et
1202 3927 1347 3985 defunctos
1362 3944 1426 3984 esse
1441 3929 1513 3986 tilios

194 4009 278 4082 lucis,
295 4029 346 4067 neo
361 4028 415 4068 non
431 4029 549 4084 corpora
565 4029 660 4070 eorum
676 4021 875 4073 resurrectura.

255 4095 286 4171 4)
302 4097 407 4154 Concil.
423 4097 501 4154 lleld.
517 4115 541 4153 c.
557 4101 600 4157 Π.
631 4099 715 4155 Nemo
731 4099 861 4172 pro,loco
876 4097 1031 4169 sepulturae
1047 4096 1162 4169 pretium
1176 4096 1212 4151 de
1226 4103 1299 4152 terra
1312 4110 1447 4165 concessa
1463 4113 1515 4169 pn·

193 4179 293 4235 tredini
314 4199 446 4253 quaerere
467 4189 494 4238 et
509 4183 543 4238 de
559 4183 649 4239 alieno
665 4184 736 4239 velle
751 4186 843 4240 iacere
858 4183 931 4238 luctu
946 4182 1134 4253 compendium
1150 4182 1241 4253 aliquo
1257 4181 1338 4236 modo
1354 4187 1455 4236 tentet.
1484 4179 1514 4236 Si

194 4264 302 4335 quando
324 4273 411 4322 autem
432 4267 550 4339 proximi
569 4268 613 4324 vel
633 4269 767 4326 haeredes
788 4275 886 4340 sponte
901 4267 1003 4339 aliquid
1017 4266 1116 4322 ellerre
1130 4267 1157 4322 in
1171 4266 1288 4323 ecclesia
1303 4265 1461 4334 volueriut,
1484 4266 1512 4320 in

194 4347 369 4420 eleemosyna
394 4352 514 4409 defuncti
534 4354 661 4428 pccipere
680 4369 736 4408 non
756 4360 893 4422 uetamus,
919 4352 975 4425 peti
991 4367 1058 4408 vero
1077 4359 1121 4406 aut
1136 4351 1238 4422 aliquid
1254 4350 1364 4406 omnino
1378 4350 1514 4422 probibe-

195 4449 269 4505 mus,
292 4452 326 4513 ne
346 4433 436 4512 (quod
450 4438 532 4495 valde
546 4439 732 4510 irreligiosum
747 4437 803 4513 est)
819 4444 865 4493 ant
879 4437 983 4500 venalis
997 4436 1102 4493 dicatm
1117 4426 1252 4505 ecclesia,
1275 4434 1371 4495 autde
1385 4434 1513 4493 humanis

194 4519 326 4576 mortibus
341 4521 480 4578 videamur
495 4524 636 4593 gratulari.
659 4522 894 4581 Conc.=llaunetc.
903 4521 929 4576 6.
957 4523 997 4577 De
1011 4521 1145 4599 sepulcris
1158 4528 1187 4581 et
1202 4519 1354 4576 bominibus
1370 4520 1513 4591 sepelien-

195 4601 238 4659 dis
258 4602 324 4660 nibil
347 4607 466 4664 muneris
484 4608 614 4680 exigant,
634 4607 686 4664 nisi
701 4607 773 4665 lorta
786 4605 996 4680 qui-sepelitur,
1011 4605 1112 4687 'nuens
1126 4605 1239 4669 iusserit,
1251 4604 1387 4663 ecclesiae
1405 4604 1513 4677 aliquid
