3202 5176
827 286 902 355 246
935 229 938 233 ·

313 476 540 540 Deindelllecto
552 487 582 537 et
590 477 825 538 desistentibus
817 495 846 536 ιι
859 477 935 538 locis
945 477 1007 538 suis
1019 476 1191 539 sedentibus
1206 476 1238 539 G.
1250 477 1434 555 intelligibili
1445 497 1522 542 uoce

212 581 289 660 legit
307 590 480 671 sequentem
494 581 748 640 examinationem.
774 579 959 640 Assistcntes
971 597 1046 641 vero
1058 577 1200 660 Episcopi
1219 580 1365 691 submissa
1385 599 1464 643 voce
1480 581 1522 644 di·

214 692 294 760 cunt,
312 699 513 763 quaecumque
526 681 635 741 dixerit
650 679 683 741 C.

313 776 465 869 Antiqua
486 783 683 848 sanctorum
704 773 843 844 Petrum
862 773 1027 845 institutio
1050 773 1153 843 docet
1139 782 1209 844 tet
1229 774 1409 868 praecipit,
1426 779 1490 846 ut
1481 799 1522 866 ts,

213 877 272 970 qui
300 875 344 946 ad
365 874 593 969 Episcopatus
620 874 775 947 ordinem
797 874 956 965 eligitur,
980 884 1081 949 antea
1107 873 1365 966 diligentissime
1393 881 1521 949 exami-

211 985 313 1048 netur
334 998 412 1048 cum
434 978 527 1047 omui
553 978 707 1066 caritate,
727 975 770 1046 de
790 973 858 1046 fide
879 985 1020 1049 sanctae
1042 975 1214 1047 Trinitatis
1236 985 1271 1046 et
1289 978 1522 1070 interrogetur

207 1077 258 1153 ‚de
291 1078 438 1153 diuersis
464 1080 578 1151 causis
604 1087 638 1150 et
659 1076 832 1164 moribus,
858 1098 946 1171 quae
972 1076 1052 1153 huin
1078 1079 1237 1169 regimini
1262 1091 1458 1170 congruunt
1482 1103 1522 1151 ao

212 1183 409 1253 necessaria
434 1190 513 1254 sunt
530 1181 672 1251 retineri
691 1178 879 1252 secundum
899 1176 1062 1274 Apostoli
1085 1178 1228 1251 dictumz
1255 1176 1379 1252 Manus
1399 1185 1523 1252 nemini

212 1282 280 1353 cito
307 1282 520 1375 imposueris.
559 1279 604 1351 Et
626 1291 663 1352 ut
688 1283 790 1351 etiam
808 1282 839 1359 is
857 1282 916 1375 qui
932 1278 1142 1355 ordinandus
1161 1289 1214 1353 est
1233 1281 1421 1371 erudiatur,
1443 1306 1523 1377 qua-

211 1383 290 1455 liter
311 1383 374 1457 sub
394 1383 462 1454 boc
481 1383 648 1473 regimine
669 1384 889 1457 coustitutum
911 1391 1070 1476 oporteat
1095 1384 1299 1454 conversari
1319 1385 1355 1453 in
1375 1383 1524 1457 ecclesia

212 1481 292 1572 Dei,
315 1494 350 1555 et
366 1494 403 1554 ut
416 1483 736 1579 irreprehensibiles
749 1486 830 1572 sint,
847 1485 905 1577 qui
918 1485 952 1554 ei
966 1504 1085 1557 manus
1100 1482 1323 1555 ordinationis
1337 1486 1521 1579 imponunt.

213 1583 344 1657 Eadem
364 1587 478 1679 itaque
496 1588 697 1656 auctoritate
715 1592 749 1655 et
766 1594 953 1680 praecepto
972 1587 1226 1676 ¹interrogamus
1240 1593 1288 1674 te,
1303 1585 1522 1660 dilectissime

213 1683 332 1774 frater,
355 1690 505 1770 caritate>
522 1689 675 1776 sincera,
702 1687 732 1759 si
758 1707 893 1772 ornnem
919 1686 1134 1781 prudentiam
1154 1697 1259 1774 tuam,
1283 1697 1444 1780 quantum
1465 1699 1521 1761 tua

215 1808 326 1882 capax
340 1798 392 1858 est
405 1798 538 1875 natura
554 1788 690 1858 divinae
705 1790 895 1880 scripturae
908 1787 1065 1861 sensibus
1079 1787 1343 1859 accommodare
1355 1790 1520 1862 volueris.

316 1897 387 1957 'lum
403 1896 437 1959 C.
459 1898 668 1977 aliquantulum
685 1915 845 1974 assurgens
862 1899 980 1971 detecto
995 1900 1091 1978 capite
1104 1900 1282 1980 respondet:
1308 1888 1360 1961 lta
1382 1913 1429 1962 ex
1451 1901 1523 1963 toto

202 1989 320 2071 >corde
350 1989 434 2060 volo
461 1992 496 2060 in
531 1989 687 2062 omnibus
714 1994 911 2071 consentire
938 2000 973 2063 et
999 1991 1151 2064 obedire.
1195 2000 1235 2063 ltt
1255 2001 1315 2081 hcc
1333 2002 1466 2064 servabit
1487 2002 1523 2063 ad

202 2117 316 2169 omncs
328 2099 402 2161 allas
415 2103 629 2180 responsiones
643 2110 816 2180 sequentes.

314 2190 377 2265 Vis
399 2214 441 2262 ea
468 2214 556 2286 quae
578 2215 625 2264 ex
646 2196 823 2288 scripturis
844 2194 967 2266 diuims
993 2193 1174 2286 intelligis,
1194 2191 1329 2289 plebem
1354 2196 1411 2266 cui
1432 2194 1524 2266 ordi-

201 2293 345 2365 nandus
367 2315 404 2366 es
428 2304 462 2364 et
480 2294 598 2366 uerbis
622 2295 749 2368 docere
773 2305 807 2369 et
834 2294 1029 2390 exemplis?
1077 2301 1120 2388 lp.
1143 2294 1246 2367 Volo.

130 2480 140 2495 Ι
203 2418 206 2425 ·
288 2393 378 2469 Vis
406 2393 606 2470 traditiones
637 2398 909 2474 orthodoxorum
931 2397 1070 2471 Petrum
1096 2419 1137 2469 ac
1163 2395 1358 2470 decretales
1384 2406 1524 2470 sanctae

201 2507 250 2578 ,el
270 2497 498 2592 Apostolicae
532 2499 625 2573 sedis
657 2503 919 2583 constitutiones
940 2509 1150 2573 veneranter
1171 2501 1369 2615 suscipere,
1397 2499 1524 2570 docere

212 2620 254 2674 ac
274 2598 445 2675 servare?
489 2604 532 2690 lp
555 2599 658 2673 Volo.

316 2700 378 2773 Vis
396 2700 497 2773 beato
525 2703 629 2773 Petro
650 2703 823 2798 Apostolo
847 2704 902 2773 cui
923 2723 943 2771 a
964 2702 1041 2773 Deo
1065 2675 1143 2773 data
1169 2710 1203 2773 et
1224 2666 1377 2798 potestas
1397 2700 1525 2794 ligandi

214 2824 256 2873 ac
282 2802 441 2874 solvendi
469 2806 611 2899 eiusque
634 2803 773 2879 Vicario
793 2794 941 2881 Domino
967 2813 1046 2877 nost
1047 2827 1087 2874 ao
1033 2803 1262 2874 Dtomino
1289 2801 1329 2873 N.
1349 2800 1523 2898 PapaeN

78 2910 82 2921 “
213 2906 354 2997 suisque
382 2904 643 2979 successoribus
665 2905 829 2981 Romanis
851 2904 1065 3002 pontificibus
1086 2905 1200 2994 fidem,
1222 2904 1469 2979 subiectionem
1492 2913 1526 2974 et

206 3002 442 3092 ¹obedientiam
456 3006 644 3090 secuudum
661 3012 862 3089 canonicam
873 3010 1116 3087 auctoritatem
1129 3030 1192 3103 per
1205 3009 1317 3079 omnia
1332 3005 1525 3078 exhibere?

192 3111 254 3200 lp.
283 3103 386 3180 Volo.
563 3125 566 3129 ’
861 3142 866 3151 ι

317 3208 379 3281 Vis
401 3230 517 3281 mores
534 3218 614 3282 tuos
635 3209 678 3281 ab
705 3212 797 3282 omni
817 3210 908 3281 malo
931 3220 1126 3309 temperare
1149 3218 1183 3280 et
1203 3217 1362 3306 quantum
1380 3210 1525 3305 poteris,

204 3310 291 3382 'Deo
319 3310 516 3400 adiuvante,
543 3312 586 3385 ad
610 3335 710 3397 omne
736 3312 863 3384 bonum
891 3311 1127 3384 commutare?
1169 3317 1213 3405 lp.
1236 3308 1338 3382 Volo.

204 3423 209 3429 ’
316 3410 379 3486 Vis
400 3410 589 3486 castitatem
608 3424 642 3486 et
659 3413 825 3487 sobrietat
812 3424 881 3487 tem
896 3435 972 3486 cum
986 3414 1054 3487 Dei
1071 3414 1201 3489 auxilio
1219 3411 1392 3487 custodire
1411 3418 1446 3480 et
1464 3409 1524 3480 do-

214 3511 321 3593 cere?
365 3520 408 3607 Pp.
432 3515 533 3599 Volo,
628 3588 633 3599 ,
696 3582 700 3592 ,

317 3615 379 3690 Vis
407 3639 544 3713 semper
566 3619 601 3688 in
627 3617 750 3690 divinis
771 3639 849 3690 esse
871 3620 1020 3712 negotiis
1039 3617 1251 3712 mancipatus
1278 3625 1313 3686 et
1337 3635 1357 3684 a
1378 3613 1524 3684 terrenis

214 3720 363 3811 negotiis
385 3720 446 3791 vel
467 3720 572 3791 lucris
583 3720 750 3814 turpibus
777 3721 929 3810 alienus,
954 3731 1114 3817 quantum
1133 3728 1168 3791 te
1192 3714 1339 3790 hnmana
1356 3714 1524 3808 fragilitas

214 3823 431 3894 consenserit
455 3820 585 3918 posse?
630 3826 672 3912 liz.
696 3820 798 3893 Volo.

204 4012 207 4019 ι
315 3921 379 3996 Vis
406 3923 627 3997 humilitatem
651 3933 685 3995 et
703 3925 927 4020 patientiam
917 3945 952 4029 ru
972 3925 1101 4021 teipso
1123 3919 1298 4001 custodire
1318 3925 1353 3991 et
1373 3913 1511 3989 alios
1482 3934 1526 3988 sr-

213 4026 338 4099 militer
360 4023 515 4103 docere?
559 4032 602 4117 Pp.
626 4023 729 4097 Volo.

316 4126 379 4200 Vis
411 4127 618 4223 pauperibus
651 4137 686 4199 et
712 4129 905 4223 peregrinis
933 4124 1159 4220 omnibusque
1191 4119 1422 4213 indigentibus
1448 4135 1527 4188 esse

214 4241 356 4325 propter
381 4251 507 4303 numen
527 4230 663 4301 Domini
685 4229 828 4301 allabilis
856 4239 889 4300 et
911 4223 1136 4301 misericors?
1180 4230 1224 4318 lp.
1245 4223 1348 4295 Volo,

215 4467 443 4539 legemSixtinam
454 4469 539 4525 miuus
552 4468 701 4539 diligenter
715 4468 804 4527 teneri
815 4467 949 4535 neminem
961 4439 1070 4537 fugitet
1080 4480 1146 4522 sane
1156 4463 1227 4521 baud
1240 4463 1310 4533 scio,
1323 4479 1358 4518 an
1366 4467 1419 4519 tam
1432 4457 1529 4514 crebra

215 4551 409 4624 episcoporum
422 4552 552 4630 absentia
559 4552 685 4610 accidere
696 4552 784 4624 possit
794 4551 854 4609 siue
865 4569 983 4624 gregum
997 4551 1173 4608 detrimento.
