3202 5176
804 269 855 340 35

177 467 257 529 tom
268 460 372 527 notum
387 471 450 543 eet,
471 478 530 544 aaa
543 464 608 526 loco
621 456 774 544 Martyres
789 471 822 527 et
839 478 907 545 qno
918 463 1079 543 defunctae
1098 458 1341 527 sanctimoniales
1358 466 1403 527 ad
1417 465 1494 528 otto·
1512 496 1515 501 -

176 570 222 631 ris
235 568 465 631 sneemennm
472 566 645 629 recitentur.
665 569 698 629 ln
711 568 811 631 loann.
832 568 929 632 Tract.
938 564 995 631 st:
1010 568 1084 629 lateo
1095 566 1138 628 ad
1150 586 1284 631 massam
1296 568 1418 631 Darnint'
1433 586 1494 630 non
1510 616 1513 621 .

175 673 223 733 sic
237 670 392 751 Martyres
404 686 681 748 commemoramus,
696 671 945 750 qaeneadmodnm
957 671 1036 732 alios
1050 672 1102 750 aar·
1113 672 1145 731 in
1153 689 1232 749 poce
1244 671 1446 751 requiescant,
1459 678 1496 733 ut

176 775 268 836 etiam
277 790 337 853 yrro
345 772 390 835 elo
403 790 534 851 manns,
545 774 602 835 sed
613 774 711 852 magis
723 779 756 834 ut
764 774 834 853 tyrsi
847 780 934 836 orent
941 790 1001 853 pro
1013 773 1110 851 neom,
1123 779 1157 834 at
1173 786 1280 835 eorum
1291 775 1425 853 vestigiis
1438 774 1492 835 ad-

175 876 369 939 terreamus.
387 877 525 938 Besaro.
539 895 587 957 ap.
598 873 647 939 17.
664 874 817 956 Martyres
830 895 867 938 eo
879 877 946 939 loco
959 877 1128 938 recitantur
1144 876 1187 936 ad
1198 874 1421 940 altareDer'att'
1432 892 1493 937 non

174 996 234 1058 pro
245 979 322 1057 ipsit
335 984 459 1040 creterr:
471 995 531 1056 pro
545 980 656 1039 ceteris
664 985 766 1039 autem
777 974 1018 1041 commemoratis
1044 977 1194 1056 defunctio
1202 985 1319 1045 molar.
1334 980 1509 1041 Neminem-²

176 1090 331 1143 turuutem
346 1091 467 1162 praeter
478 1083 509 1142 B.
517 1074 671 1159 Virginem
686 1091 717 1144 et
730 1082 885 1144 duodecim
898 1083 1063 1164 Apostolos
1078 1082 1220 1160 Martyres
1230 1083 1394 1144 duodecim.
1415 1080 1498 1144 Gom·

177 1194 388 1265 staussemper
399 1186 429 1245 iu
444 1202 481 1247 eo
496 1184 552 1245 luit
563 1182 694 1247 Romana
704 1187 843 1264 ecelesia,
863 1196 897 1246 ut
907 1187 940 1249 B.
956 1186 1119 1264 Virginem,
1138 1187 1292 1266 apostolos
1308 1194 1490 1261 etmartyres

176 1287 477 1366 nomencratoris
495 1280 736 1350 confessoribus.
775 1289 881 1369 Neque
898 1299 995 1351 tamen
1009 1287 1168 1369 putandum
1184 1298 1240 1366 est,
1255 1289 1313 1349 hoe
1329 1287 1490 1348 seeundum

176 1390 309 1467 regulam
329 1388 519 1470 quandamet
535 1390 635 1468 legam
648 1391 756 1453 iactum
775 1410 855 1471 esse,
875 1393 925 1453 vel
943 1394 1010 1472 quia
1023 1389 1170 1468 Martyres
1184 1393 1352 1472 passionem
1371 1399 1400 1450 et
1414 1407 1490 1450 mor-

175 1482 236 1563 tem
247 1493 377 1570 Domini,
393 1510 468 1572 quae
484 1494 514 1553 iu
528 1495 617 1555 missa
639 1492 898 1574 repraesentatur,
921 1495 1015 1556 eliuso
1035 1496 1180 1572 sanguiue
1201 1496 1304 1554 imitati
1327 1494 1396 1556 sint.
1431 1491 1491 1551 lam

175 1612 265 1674 supra
278 1593 613 1673 monuimus,Ganouem
626 1606 725 1656 natum
739 1616 807 1657 esse
820 1608 975 1677 autequam
986 1595 1196 1658 Gonicssorum
1204 1597 1344 1657 memoria
1358 1595 1491 1655 incoele-

174 1698 219 1757 sla
243 1697 457 1759 celebraretur.
498 1697 607 1757 Postea
628 1714 709 1757 vero
725 1696 855 1759 ecelesia
879 1699 1010 1761 Romana
1035 1709 1178 1759 consueta
1206 1700 1388 1777 antiquitatis
1407 1706 1491 1756 vere·

175 1798 281 1859 cundia
295 1798 457 1878 prohibuit,
474 1816 512 1858 ne
531 1797 599 1878 quid
617 1799 687 1860 novi
706 1798 819 1861 Ganoni
833 1800 1007 1871 alteratum
1028 1802 1173 1880 expunxit
1187 1799 1261 1860 adeo
1278 1817 1354 1878 quae
1368 1798 1492 1858 admisc-

170 1908 219 1961 rat
247 1899 410 1977 Gregorius
438 1898 487 1962 111.
515 1901 545 1961 in
574 1901 688 1981 capella
719 1901 834 1997 papali:
875 1903 1041 1977 Quorum
1072 1903 1330 1963 sollemnitas
1369 1901 1490 1961 hodie

172 2005 210 2075 in
237 2010 459 2083 conspeetu
474 2004 694 2065 maiestatis
712 2013 799 2065 tuae
814 2003 1052 2065 calatratur.
1086 2004 1125 2063 At
1139 2005 1328 2084 perspicuum
1346 2011 1403 2080 cst,
1421 2002 1491 2062 reli-

172 2123 246 2187 quas
261 2104 417 2183 eeclesias,
432 2104 471 2166 ob
486 2107 684 2165 reverentiam
698 2106 829 2186 propriis
844 2107 960 2167 Sanctis
975 2106 1133 2167 adhibitam
1147 2106 1197 2166 diu
1215 2105 1394 2185 multumque
1409 2104 1491 2165 dubi·

172 2190 253 2269 tas’se
269 2226 309 2271 au
325 2207 355 2283 in
370 2206 425 2269 hoe
448 2224 481 2267 re
494 2206 646 2269 Romanae
668 2210 823 2270 severitati
845 2204 981 2271 eervices
996 2208 1110 2298 dandae
1124 2219 1234 2269 essent.
1272 2209 1396 2269 Accedit
1412 2207 1492 2287 quod
1523 2251 1530 2263 .

172 2328 288 2389 omncs,
315 2310 364 2389 qui
379 2311 588 2391 nominantur,
613 2310 663 2371 vel
693 2311 808 2373 Romae
837 2313 917 2392 passi
948 2304 1008 2372 sint'
1029 2312 1078 2373 vel
1113 2313 1143 2372 iu
1166 2311 1405 2372 locisRomanae
1426 2311 1491 2371 sedi

171 2412 340 2488 immediate
355 2420 386 2470 ut
400 2412 439 2471 ita
458 2410 552 2471 dicam
566 2412 724 2473 subiectis:
752 2412 871 2475 Corona
883 2414 1083 2490 Martyrumin
1098 2413 1218 2477 Ganone
1232 2409 1372 2475 Romanis
1383 2414 1489 2475 solum·

170 2514 261 2574 rrrodo
281 2512 503 2573 lloribusserta.
526 2511 630 2591 ltaque
642 2513 762 2593 codices
776 2518 887 2576 vetusti
901 2517 965 2575 lere
980 2535 1083 2575 omnes
1102 2517 1228 2577 Sanctos
1247 2517 1428 2576 domesticos
1444 2534 1489 2575 ca·

172 2617 244 2678 noui
268 2606 449 2675 interserunt
477 2612 843 2677 sacrosanctorum
871 2618 1148 2676 confessorum
1171 2625 1321 2677 tuorum
1341 2616 1489 2691 Hilari,

170 2716 348 2795 Martini,
369 2714 601 2795 Augustini,
630 2717 830 2796 Gregorii,
858 2718 1104 2796 Hieronymi,
1130 2716 1352 2795 Benedicti,
1373 2716 1489 2795 Galli,

136 2832 142 2841 '
171 2818 350 2899 thrmari.
398 2818 445 2880 El.
478 2818 637 2898 Hilarii,
660 2816 834 2899 Martini,
858 2820 1090 2899 Augustini,
1120 2810 1327 2897 Gregorii,
1349 2810 1489 2905 Hiero·
1544 2852 1550 2864 ·

171 2922 288 3001 u'ymi,
322 2920 536 2984 Benedicti.
579 2920 665 2986 Rem.
686 2918 885 3002 Dionysii,
908 2924 1086 3000 Rustici,
1112 2920 1357 3000 Eleutherii,
1380 2922 1488 2983 Hila-

169 3028 240 3104 rii,
280 3022 458 3105 llwartini,
494 3022 680 3104 Remigii,
720 3024 948 3105 Augustini,
996 3025 1194 3103 Gregorii,
1239 3020 1487 3102 Hieronymi,

133 3163 140 3172 ·
169 3128 389 3191 Benedicti.
411 3127 505 3225 lpse
533 3122 760 3190 ottobonianus
785 3130 908 3191 similia
918 3128 1008 3190 hahet
1037 3128 1244 3189 additamenta.
1293 3127 1487 3206 Reliquorum

171 3220 306 3301 codicum
331 3230 497 3311 scripturae
525 3231 670 3313 aliaque
661 3208 815 3323 rnnimera
836 3232 990 3315 exempla,
1010 3250 1085 3313 quae
1100 3250 1274 3292 enumerare
1291 3230 1414 3307 longum
1430 3240 1486 3305 est,

170 3342 288 3395 exstant
303 3333 423 3415 apud
393 3352 476 3395 viros
492 3335 624 3396 eruditos
639 3353 675 3395 ac
686 3308 831 3415 plurimae
855 3336 1009 3413 lectionis,
1031 3335 1186 3412 Bonam,
1213 3333 1431 3394 riccardum
1454 3352 1489 3393 ao

170 3434 412 3523 Gerbertum.
458 3434 532 3498 Item
550 3439 802 3519 supervacaneum
822 3447 879 3517 est,
894 3438 999 3500 allerre
1014 3437 1131 3527 illorum
1145 3437 1272 3512 fabulas,
1288 3454 1337 3514 qui
1330 3435 1488 3497 'Siricium

168 3538 218 3599 rel
235 3538 311 3598 adeo
324 3534 427 3597 Linum
442 3538 518 3599 hane
532 3538 661 3600 Cononis
676 3549 788 3621 partem
804 3542 970 3603 coniecisse
984 3516 1099 3601 volunt.
1136 3539 1240 3599 Finem
1258 3538 1345 3597 iaciat
1359 3539 1427 3599 huic
1441 3558 1487 3600 ca·

167 3643 224 3722 pili
240 3641 322 3702 locus
336 3622 542 3700 Biuterimi
557 3638 682 3700 Beekw.
697 3640 759 3717 lV.,
785 3642 835 3703 111.
850 3664 880 3725 p.
895 3642 972 3705 427:
995 3638 1052 3703 Do'e
1074 3637 1200 3718 Apootel
1214 3637 1316 3718 folyen
1328 3638 1395 3700 luter
1407 3640 1488 3701 rticlrt

167 3744 200 3804 in
220 3730 277 3805 ile'r
293 3738 440 3820 ordnung
457 3741 626 3803 niestein
651 3760 767 3802 anoern
786 3740 894 3805 Bilreln
907 3740 1018 3822 ausger
1019 3741 1134 3803 etoltnet
1152 3742 1230 3821 sind,
1257 3742 1352 3802 eben'
1357 3761 1392 3805 so
1406 3743 1504 3804 oncle·

167 3844 250 3907 nicht
275 3846 323 3907 dte
343 3843 500 3924 Martyrer
525 3844 604 3906 naclo
629 3845 686 3905 der
710 3841 779 3908 Zet't
803 3845 887 3907 iltreo
909 3845 1158 3925 Mdrtgrertodec.
1214 3844 1345 3906 Hierone
1372 3845 1488 3926 folqcrt

173 3946 345 4027 Walafried
359 3946 482 4026 Strabo,
502 3948 557 4008 der
572 3944 677 4009 Conon
690 3950 737 4010 sel
746 3938 920 4010 'ttetlmeice
938 3946 1103 4029 cerferttyt.
1145 3948 1243 4011 Allet'n
1253 3948 1334 4010 diere
1346 3948 1483 4010 Sallues-

165 4049 249 4131 folge
275 4050 383 4113 borant
399 4057 458 4128 aas
479 4048 594 4111 lreinem
617 4040 718 4128 fertem
736 4048 867 4114 Grande.
919 4050 1007 4115 Denn
1032 4053 1127 4113 selbot
1146 4053 1177 4112 in
1199 4068 1313 4114 anteon
1325 4050 1484 4113 Btoetnnt

168 4155 217 4216 die
231 4154 323 4216 neone
340 4153 396 4214 der
408 4152 608 4231 Apostelm‘clo
624 4154 705 4215 nicltt
717 4162 793 4216 stato
807 4155 911 4235 gleiolt.
931 4191 969 4199 —
991 4187 1035 4199 -
1060 4152 1484 4217 Wolorccloelato‘clomarende'e

168 4255 261 4335 amitt
283 4256 402 4318 Nomen
423 4257 479 4317 der
498 4255 625 4334 Apostol
644 4258 708 4317 and
732 4254 889 4338 Martyrer
913 4260 945 4320 in
965 4258 1043 4319 anei
1067 4257 1174 4319 Lintea
1199 4256 1364 4336 alyattetlt.
1407 4254 1484 4315 letst
1537 4322 1540 4327 ¹

164 4358 251 4439 [rugi
275 4360 368 4437 aicts,
391 4360 450 4421 mie
474 4359 559 4420 deese
577 4358 686 4421 Linten
708 4361 979 4438 geordnetmaren.
1012 4396 1049 4405 -
1090 4396 1128 4405 —
1146 4361 1293 4423 indersen
1318 4357 1360 4417 da
1387 4359 1483 4439 einiye

167 4460 333 4543 illllrlyrer,
353 4460 435 4525 nir.
462 4458 615 4541 Gynden,
642 4456 818 4545 Gemellas,
842 4463 971 4528 German
989 4464 1053 4526 and
1072 4464 1204 4528 Daemon
1229 4461 1325 4521 etot
1311 4478 1353 4521 nn
1374 4461 1484 4520 dritten

150 4564 235 4627 aad
257 4562 723 4645 clertenJallrltandertgelitlen
736 4511 844 4648 latmo,
862 4587 899 4630 eo
913 4569 984 4648 licat
1006 4586 1042 4628 es
1060 4584 1111 4628 om
1128 4565 1221 4644 Tage,
1245 4563 1484 4624 daeoentmeder

1230 4664 1276 4727 3*
