3202 5176
773 293 843 366 135

153 488 356 569 sopientiaeet
369 487 528 547 immensae
539 489 668 551 caritatis
681 489 835 566 mysterio,
844 488 970 567 idipsum
984 486 1063 568 quod
1075 486 1168 550 semel
1178 487 1209 547 iu
1222 502 1310 549 cruce
1324 487 1462 568 perfecit,

154 608 217 652 nou
239 599 336 651 cessat
355 589 528 650 mirabiliter
547 593 683 678 operari,
708 592 773 670 ipse
795 591 935 667 offerens,
956 592 1021 669 ipse
1042 588 1206 652 etoblatio.
1246 588 1284 649 Et
1304 608 1360 655 uos
1379 570 1464 650 uuam
1489 642 1494 650 .

151 711 255 752 secum
269 692 392 753 hostiam
415 670 548 768 ellectos,
569 693 604 754 ad
620 710 733 754 sacrum
748 695 852 769 invitat
866 688 1044 767 convivium,
1065 671 1095 751 in
1109 710 1167 770 quo
1182 693 1247 772 ipse
1266 691 1348 752 cibus
1363 700 1465 752 noster

153 796 288 871 sumitur,
303 794 445 854 recolitur
457 796 599 855 memorie
611 794 761 857 Passionis
776 798 851 874 eius,
869 813 952 855 meus
967 793 1104 874 impletur
1116 796 1210 872 gratia
1226 803 1255 856 et
1273 794 1388 856 futurae
1401 793 1464 871 glo·
1503 848 1513 867 ,

152 897 215 958 riae
234 896 319 958 uobis
331 898 440 976 pignus
454 895 546 958 datur.
581 881 712 960 Etidco.
1102 890 1104 898 ’

531 1065 571 1127 lu
592 1037 857 1167 Dedicatione
878 1063 1094 1126 Ecclesiae.

140 1279 143 1285 Ι
259 1201 337 1263 Vere
351 1201 471 1280 dignum
485 1212 514 1263 et
527 1204 634 1263 iustum
649 1211 839 1282 est,aequum
854 1210 883 1261 et
897 1201 1035 1278 salutare,
1048 1219 1102 1262 nos
1114 1199 1166 1260 tibi
1181 1216 1301 1281 semper
1315 1209 1345 1259 et
1360 1197 1468 1278 ubique
1578 1233 1586 1254 r

157 1305 267 1382 gratias
281 1302 385 1383 agere,
400 1305 526 1365 Domine
539 1314 652 1383 sancte,
672 1305 759 1365 Pater
773 1305 977 1385 omnipotens,
999 1313 1121 1365 aeterne
1134 1302 1232 1380 Deus,
1249 1303 1298 1385 qui
1311 1300 1386 1361 hanc
1405 1318 1468 1360 ora·

160 1407 249 1469 tionis
278 1407 410 1482 domum,
438 1426 522 1485 quam
542 1408 778 1484 aedificavimus,
801 1406 947 1467 bonorum
969 1407 1096 1467 omnium
1116 1403 1242 1483 largitor
1265 1403 1410 1464 inhabitas
1440 1411 1469 1462 et

160 1508 333 1586 ecclesiam,
355 1527 439 1588 quam
459 1510 524 1588 ipse
544 1509 692 1584 fundasti,
712 1508 881 1568 incessabili
902 1511 1078 1588 operatione
1108 1508 1283 1568 sanctificas.
1325 1504 1406 1566 Haec
1425 1512 1471 1563 est

160 1613 238 1671 enim
252 1629 325 1670 vere
340 1611 442 1670 domus
454 1612 594 1669 orationis
609 1609 775 1670 visibilibus
790 1610 931 1670 aedificiis
945 1608 1270 1687 adumbrata,templum
1283 1606 1471 1667 habitationis

159 1713 276 1790 gloriae
300 1721 385 1789 tuae,
406 1711 494 1771 sedes
515 1710 760 1771 incommutabilis
787 1712 937 1788 veritatis,
958 1712 1153 1770 sanctuarium
1174 1719 1314 1769 aeternae
1334 1709 1471 1768 caritatis.

159 1814 240 1875 llaec
255 1821 301 1874 est
315 1831 391 1890 arca,
406 1830 481 1891 quae
496 1831 550 1873 nos
565 1813 687 1874 emundi
701 1821 822 1892 ereptos
837 1810 948 1872 diluuio
963 1814 992 1871 in
1006 1822 1122 1891 portum
1135 1809 1238 1871 solutis
1253 1810 1373 1871 inducit.
1395 1808 1474 1867 llaec

160 1924 206 1977 est
221 1915 328 1976 dilecta
341 1925 371 1976 et
385 1917 470 1976 unica
485 1933 607 1994 sponsa,
628 1934 711 1994 quam
732 1915 890 1994 acquisivit
905 1912 1038 1975 Christus
1053 1914 1198 1990 sanguine
1213 1912 1278 1987 suo,
1299 1930 1383 1991 quam
1402 1911 1474 1969 vivi·

158 2020 228 2079 licut
240 2016 352 2097 Spiritu
372 2036 436 2094 suo,
453 2019 534 2078 cuius
548 2019 578 2077 in
590 2019 673 2094 sinu,
696 2019 790 2078 renuti
806 2020 999 2097 pergratiam
1014 2026 1107 2092 tuam,
1128 2015 1204 2075 laete
1219 2013 1303 2075 verbi
1318 2015 1474 2092 pascimur,

158 2139 236 2202 pane
249 2123 328 2181 vitae
343 2121 526 2196 roboramur,
540 2121 761 2181 misericordiae
776 2129 843 2180 tuac
856 2097 994 2181 subsidiis
1011 2121 1213 2182 confovemur.
1253 2116 1333 2178 Haec
1348 2115 1475 2178 lideliter

159 2225 310 2301 interris,
331 2242 443 2303 sponso
464 2223 637 2300 adiuuante,
662 2222 782 2299 militat,
804 2231 834 2282 et
855 2225 1027 2302 perenniter
1047 2224 1077 2283 in
1092 2220 1203 2298 coelis,
1223 2220 1288 2298 ipso
1313 2226 1475 2282 coronante
1510 2206 1515 2217 ’

160 2325 328 2405 triumphat.
363 2325 400 2385 Et
413 2325 492 2389 ideo.

314 2493 366 2555 De
395 2493 425 2553 S.
451 2492 673 2572 Clemente,
708 2494 826 2573 primo
853 2493 1083 2554 hletensium
1112 2492 1321 2574 Episcopo.

263 2630 342 2711 Vere
357 2630 477 2709 dignum
492 2639 522 2705 et
535 2631 642 2691 iustum
657 2639 714 2707 est,
722 2648 845 2709 aequum
860 2638 890 2688 et
902 2628 1042 2706 salutare,
1057 2647 1111 2688 nos
1127 2629 1179 2688 tibi
1195 2646 1312 2707 semper
1326 2635 1356 2686 et
1370 2625 1478 2708 ubique

161 2735 273 2812 gratias
287 2752 396 2811 agere,
411 2732 536 2794 Domino
551 2743 667 2808 sancte,
683 2733 769 2792 Pater
785 2723 1226 2810 omnipotens,aeterne'Deus,
1241 2731 1290 2810 qui
1306 2747 1359 2789 nos
1374 2746 1475 2787 secun·

160 2838 226 2904 dum
240 2836 468 2907 misericordiam
486 2845 562 2895 tuam
576 2840 710 2913 magnam
734 2833 771 2893 de
793 2832 933 2901 tenebris.
944 2832 980 2893 ad
995 2833 1090 2892 lucem
1104 2852 1213 2892 vocare
1229 2833 1364 2910 dignatus
1380 2849 1429 2904 es,
1448 2838 1478 2888 et

127 3014 135 3025 .
161 2940 199 3000 de
213 2948 362 3018 potestate
377 2948 495 2999 satanae
511 2948 642 3018 ereptos,
667 2939 697 2998 in
712 2937 788 2997 filios
802 2935 976 3015 adoptionis
986 2953 1145 2995 assumere.
1184 2934 1245 2995 Tua
1260 2932 1477 3009 enimDomine

162 3041 383 3117 misericordia,
404 3050 452 3100 tua
468 3042 579 3118 gratia,
594 3040 717 3100 verbu·
734 3038 802 3099 lidei
820 3041 849 3098 in
864 3038 950 3099 nohis
967 3037 1045 3098 beati
1061 3037 1339 3098 Clementislabore
1354 3035 1477 3093 semina·
1571 3061 1574 3066 ·

163 3153 222 3203 turn
239 3154 284 3204 est
301 3153 330 3204 et
348 3145 459 3202 meritis
478 3142 694 3204 foecundatum.
730 3141 814 3201 Nunc
828 3159 915 3220 ergo,
929 3141 1016 3201 Pater
1029 3149 1141 3217 sancte,
1157 3140 1296 3201 confirma
1316 3137 1383 3212 hoc,
1399 3133 1478 3214 quod

162 3256 302 3325 operatus
322 3264 354 3305 es
369 3229 398 3304 in
414 3244 516 3305 nobis:
537 3254 567 3304 et
583 3263 708 3321 gregem
724 3245 822 3318 istum,
843 3261 929 3323 quem
944 3243 1020 3303 Filio
1035 3251 1084 3302 tuo
1100 3242 1228 3318 donasti,
1252 3257 1397 3301 conserva
1412 3248 1479 3296 tuae

161 3348 278 3408 virtutis
292 3347 413 3422 auxilio,
429 3356 459 3406 ut
474 3348 683 3408 sanctificatum
696 3348 726 3407 iu
742 3347 877 3423 veritate,
899 3346 1064 3426 perlectum
1080 3346 1109 3404 in
1128 3347 1254 3419 unitate,
1277 3357 1478 3402 consummare

164 3449 297 3525 digneris
311 3451 340 3508 in
355 3448 468 3523 gloria:
491 3448 550 3508 Per
564 3450 687 3509 eundem
704 3447 849 3509 Christum
859 3449 1016 3509 Dominum
1031 3455 1238 3524 nostrum,per
1251 3462 1337 3522 quem
1347 3445 1479 3503 maiesta-

163 3559 223 3610 tem
241 3545 317 3609 tiuum
332 3558 491 3609 trementes
509 3549 631 3612 adorant
646 3551 753 3625 Angeli
774 3558 804 3610 et
820 3568 922 3611 omnes
939 3548 1099 3629 Spirituum
1113 3547 1383 3631 coelestiumchori
1398 3546 1478 3607 socia

163 3650 347 3714 exultatione
361 3649 580 3713 concelebrant.
605 3649 676 3712 Cum
690 3650 805 3730 quibus.

609 3805 614 3815 ’
699 3821 750 3882 De
778 3776 945 3882 Sanctis.

190 3991 195 4001 ·
267 3958 347 4020 Vere
359 3958 478 4037 dignum
493 3967 523 4019 et
537 3960 645 4020 iustum
661 3967 716 4035 est,
727 3976 853 4039 aequum
865 3965 894 4016 et
909 3955 1046 4034 salutare,
1060 3975 1114 4017 nos
1129 3955 1182 4015 tibi
1196 3975 1315 4043 semper
1329 3965 1358 4016 et
1372 3954 1479 4032 ubique

164 4063 274 4137 gratias
290 4080 391 4139 agere,
406 4062 533 4122 Domine
551 4069 663 4139 sancte,
679 4062 766 4123 Pater
782 4062 979 4140 omnipotens,
995 4069 1115 4119 aeterne
1129 4058 1221 4136 Deus,
1240 4061 1288 4139 qul
1305 4056 1480 4134 glorificaris

164 4165 193 4225 in
208 4164 335 4226 concilio
351 4164 524 4225 Sanctorum
539 4173 569 4224 et
588 4182 689 4224 eorum
706 4163 874 4225 coronando
890 4164 1003 4238 merita,
1018 4179 1144 4223 coronas
1159 4159 1235 4223 dona
1250 4170 1308 4234 tua,
1328 4159 1377 4236 qui
1394 4156 1480 4216 nobis

140 4267 198 4357 *iu
212 4284 315 4328 eorum
338 4268 465 4347 praebes
490 4275 520 4326 et
540 4268 770 4327 conversatione
788 4266 954 4346 exemplum
976 4274 1006 4325 et
1028 4265 1233 4327 communione
1250 4260 1430 4321 consortium
1452 4268 1481 4320 et
1587 4310 1597 4319 ,

165 4368 381 4447 intercessione
408 4369 584 4430 subsidium:
619 4377 650 4428 ut
674 4376 783 4442 tantam
807 4369 950 4430 habentes
971 4370 1136 4449 impositam
1158 4363 1266 4425 nubem
1285 4364 1401 4423 testium
1426 4381 1481 4440 per

164 4472 337 4550 patientiam
363 4490 513 4535 curramus
531 4465 566 4533 ad
586 4472 770 4551 propositum
794 4470 880 4535 nobis
902 4479 1051 4550 certamen
1074 4478 1104 4530 et
1131 4485 1195 4526 cum
1219 4467 1263 4553 eis
1284 4467 1480 4546 percipiamus

153 4574 425 4665 ⁸inmarcessibilem
436 4575 553 4654 gloriae
567 4582 719 4655 coronam,
735 4592 790 4654 per
802 4573 899 4636 Iesum
909 4556 1056 4636 Christum
1069 4552 1225 4640 Dominum
1240 4578 1390 4659 nostrum,
1400 4567 1481 4660 cuius
