3202 5176
762 362 830 432 141
918 336 924 349 '

247 554 353 618 XXXI.
386 553 506 618 XXXII.
558 553 697 616 Mittimus
725 554 840 616 diverse
870 555 1053 619 diuersamm
1080 555 1253 618 Sanctorum
1281 559 1396 620 nomina
1424 560 1452 621 in

145 661 289 722 Oratione
313 659 450 720 bibere
481 676 574 739 usque
600 657 636 719 ad
663 659 813 720 saeculum
844 659 988 720 decimum
1015 667 1130 720 sextum
1160 659 1294 737 adlecta,
1322 670 1451 723 tacemus

144 765 270 823 minutas
284 771 314 822 et
327 758 466 840 augustas
484 761 520 823 de
535 762 590 822 ritu
609 760 820 823 confractionis
837 764 1074 824 concertationes
1084 770 1114 821 et
1126 761 1260 823 dissonas
1274 763 1349 842 apud
1365 765 1452 825 medii

143 867 210 925 aevi
223 865 356 925 homiues
373 866 402 925 iu
416 865 462 925 bis
477 864 679 925 caerimonias.
704 862 843 924 Graviora
859 873 936 941 sam,
952 882 1028 944 quae
1040 864 1132 941 relert
1145 861 1234 926 Bona
1247 865 1344 927 l.c.II.
1359 885 1384 926 c.
1394 863 1451 928 16:

144 964 290 1027 Nicolaas
308 963 374 1047 III,
386 966 429 1026 ad
448 965 667 1043 impetrandam
681 982 790 1044 paoem
809 965 889 1026 inter
905 965 1059 1043 Principes
1077 964 1265 1028 Christianos
1291 970 1397 1030 statuit
1419 969 1453 1030 in

144 1067 242 1129 Missa
259 1067 403 1146 sollemni,
421 1075 581 1147 postquam
600 1067 751 1129 Sacerdos
773 1068 850 1143 dicit
867 1068 935 1130 Pae
951 1068 1072 1133 Domini
1095 1069 1135 1129 sit
1148 1082 1275 1147 ‘semper
1298 1071 1453 1133 oobiscam

144 1178 215 1232 ιιιιιι
228 1167 333 1249 nyma
344 1169 403 1234 Dei
414 1171 536 1232 cantari
547 1170 697 1232 Psalmam
709 1169 858 1233 Laetotas
875 1189 944 1232 som
963 1190 1031 1237 eam
1044 1171 1158 1251 aiqoot
1170 1172 1329 1233 amsicats's
1343 1181 1373 1234 et
1386 1171 1452 1235 Coi·
1480 1196 1484 1203 ·

141 1273 222 1334 tecta
231 1291 290 1351 pro
301 1289 390 1351 pace.
421 1273 561 1355 ldemqste
574 1275 727 1335 constitnit
738 1274 871 1336 loannes
884 1274 981 1336 XXII.
993 1290 1054 1352 pro
1073 1274 1200 1336 tollendo
1219 1273 1397 1354 schismate,
1419 1282 1454 1336 at

143 1382 274 1436 testatas·
293 1373 425 1454 Ampelos
442 1377 547 1438 Ιιιιιιιι
566 1377 598 1437 in
616 1376 853 1456 Paralipomenis
875 1377 1080 1439 commentarii
1103 1377 1141 1438 de
1164 1379 1330 1456 campanis.
1371 1378 1453 1440 Idem

143 1478 275 1540 Psalmus
291 1497 354 1539 cum
369 1480 506 1560 precibus
521 1482 639 1540 exstat
630 1500 660 1540 ιιι
674 1474 786 1541 blissali
801 1480 991 1542 cisterciensi
1011 1480 1153 1543 dicendas
1167 1491 1236 1561 post
1249 1481 1337 1542 Pater
1351 1490 1454 1543 noster

142 1600 197 1662 pro
225 1599 315 1662 pace
328 1582 528 1644 ecclesIastica
556 1592 586 1642 et
612 1583 777 1663 temporali.
817 1582 935 1644 blissale
962 1583 1184 1644 sarisburiense
1205 1583 1312 1645 editum
1333 1582 1454 1645 Parisiis

142 1701 221 1744 anuo
238 1678 342 1742 1555
335 1702 363 1743 ιιι
378 1684 608 1761 Quadragesima
623 1692 653 1743 et
667 1686 756 1744 certis
769 1683 851 1744 ieriis
866 1693 926 1744 tres
941 1685 1075 1763 psalmos
1085 1684 1140 1744 dici
1153 1685 1286 1745 decernit
1299 1695 1454 1765 autequam

142 1783 336 1846 dicaturPna
346 1778 467 1847 Donasti
467 1802 596 1877 ,nempe
614 1782 856 1845 Denssenernnt
870 1791 983 1863 pentes.
1014 1782 1302 1847 Deasmiscrcatar.
1328 1783 1455 1848 Domine

141 1886 389 1964 inoirtatetaa,
413 1885 889 1968 cambutipbonsl'napotentsa
911 1895 1031 1967 etpost
1056 1905 1119 1947 eam
1140 1886 1279 1970 precibus
1303 1907 1337 1949 ac
1359 1876 1455 1950 tribns‘
1543 1954 1547 1961 ,

142 1990 338 2068 oratIouibus,
359 2008 479 2069 quarum
499 1991 590 2071 prima
611 1999 657 2051 ιιι
677 2009 732 2070 pro
748 1991 977 2071 recuperatione
997 1989 1107 2051 Terrae
1128 1998 1265 2067 sauctae,
1286 1992 1378 2051 altera
1398 2008 1454 2071 pro

126 2093 297 2170 lautitiae,
318 2095 403 2155 tertia
424 2110 479 2173 pro
493 2110 577 2170 rege.
616 2092 648 2153 Iu
670 2092 748 2153 libro
770 2093 1025 2155 Sacrameutorum
1051 2091 1200 2153 Romanae
1221 2092 1367 2154 ecclesiae
1386 2096 1455 2153 aute

141 2213 236 2256 anuos
250 2196 545 2284 nongentasscripto
561 2205 631 2275 post
644 2192 1205 2272 salutationemPacDominiete.,bsse
1215 2212 1253 2255 ex
1267 2213 1321 2255 usu
1337 2195 1454 2257 illorum

142 2288 308 2377 temporum
331 2298 522 2359 adnotantur:
554 2296 656 2375 „Post
677 2296 753 2377 baec
770 2296 986 2359 commonenda
1001 2296 1089 2376 plebs
1113 2312 1172 2374 pro
1194 2296 1315 2357 ieiuniis
1342 2296 1453 2375 ιιιιιιιιί,

140 2398 261 2476 septimi
270 2404 300 2459 et
311 2397 419 2459 decimi
430 2397 542 2458 niensis
556 2399 739 2476 temporibus
751 2400 837 2460 sais.-
849 2401 914 2460 sice
927 2416 986 2477 pro
999 2399 1155 2460 scratiniis
1166 2397 1216 2459 cel
1227 2399 1349 2459 anniam
1365 2416 1454 2478 aper-

236 2499 345 2560 :sice
369 2499 518 2560 orassdnm
545 2517 604 2578 pro
629 2501 756 2579 infim
781 2500 831 2560 cet
855 2500 1064 2562 annuntianda
1089 2498 1238 2561 Natalitio
1264 2499 1454 2562 Sanctorum.

141 2601 290 2684 Exemplo
302 2604 342 2664 sit
355 2602 545 2664 Denuntiatio
565 2620 619 2682 pro
633 2602 779 2663 Natalitiis
799 2604 988 2680 Sanctorum:

130 2721 161 2779 ,·
244 2705 370 2768 Noverit
395 2704 493 2767 restra
514 2703 638 2766 devotio
653 2705 829 2766 sanctissimi
847 2704 966 2783 iratres,
985 2703 1112 2784 quodb.
1127 2670 1264 2779 biartyris
1279 2703 1358 2765 illius
1373 2705 1455 2764 auni-
1470 2723 1475 2733 ·

140 2809 291 2869 uersarius
304 2808 370 2869 dies
384 2809 490 2885 intrat,
506 2825 585 2901 quo
581 2806 690 2870 diaboli
711 2809 891 2870 tentationes
908 2824 1090 2886 exsuperans
1106 2807 1308 2867 universitatis
1327 2807 1457 2868 creatori

141 2910 275 2989 gloriosa
288 2913 437 3005 passione
464 2892 636 2972 coniunctus
659 2919 716 2972 ιιι.
759 2909 892 2990 Ideoque
914 2910 1069 2971 Dominum
1091 2907 1310 2986 collaudemus,
1339 2911 1389 2988 qui
1410 2917 1457 2969 est

140 3013 282 3074 mirabilis
303 3016 331 3074 iu
352 3015 463 3075 sanctis
477 3015 557 3092 suis,
571 3022 604 3074 ut
623 3016 672 3093 qai
686 3014 745 3074 illis
761 3015 905 3074 victoriae
924 3030 1063 3073 coronam
1082 3010 1223 3096 contulit,
1244 3011 1331 3072 uobis
1353 3027 1455 3071 eorum

142 3117 253 3176 meritis
268 3116 443 3178 delictorum
458 3115 669 3195 indulgentiam
687 3117 838 3194 largiatur.
872 3114 905 3176 In
926 3114 979 3176 illo
1002 3116 1092 3193 igitur
1111 3107 1198 3191 loeo,
1222 3113 1268 3173 vel
1290 3115 1319 3173 iu
1333 3113 1381 3173 illa
1396 3115 1455 3190 ria,

140 3217 191 3279 illa
205 3219 279 3279 feria
292 3219 367 3279 hauc
384 3218 507 3280 eandem
519 3218 711 3280 festivitatem
725 3218 812 3280 solita
827 3217 988 3308 devotione
1002 3217 1424 3278 celebremus·

245 3322 371 3402 Antiqua
384 3321 454 3387 olim
467 3321 524 3382 fuit
537 3322 733 3399 cousuetudo,
754 3330 785 3381 ut
803 3329 873 3401 post
886 3319 974 3382 Pater
987 3328 1090 3381 noster
1104 3331 1134 3380 ιι
1148 3319 1209 3380 Pax
1227 3317 1345 3378 Domini
1359 3315 1456 3376 lacum

140 3423 315 3485 habereut'
306 3443 336 3484 ιιι
353 3424 441 3486 blissa
460 3433 528 3485 aute
543 3424 783 3487 Gommuuiobem
798 3422 958 3486 sollemnes
971 3422 1273 3483 benedictiones
1293 3417 1383 3498 Epis
1394 3437 1455 3480 co·

141 3525 201 3605 pal
211 3542 268 3601 es,
291 3524 367 3604 apud
382 3523 482 3586 Gallos
496 3536 527 3587 et
539 3527 721 3603 blaterabes,
737 3545 774 3587 ex
789 3525 957 3587 Gallicanae
978 3542 1012 3583 ea
1016 3523 1125 3583 clesiae
1139 3522 1301 3581 imitatione
1315 3523 1435 3581 tamen
1426 3540 1456 3583 ru

142 3626 304 3717 Romanam
321 3628 407 3687 ritum
422 3628 529 3706 passim
542 3629 688 3689 invectae.
715 3627 853 3704 Legimus
868 3625 1009 3708 quidem
1000 3644 1030 3683 ru
1045 3624 1181 3684 Secundo
1197 3622 1308 3683 Ordine
1322 3622 1456 3686 Romano

140 3729 219 3810 apud
234 3707 446 3807 IIabillouium,
460 3746 536 3810 quae
552 3728 621 3790 buic
633 3730 800 3790 sententiae
818 3729 965 3790 contraria
981 3744 1049 3787 esse
1060 3726 1213 3787 videntur:
1243 3723 1373 3807 Cumque
1387 3724 1456 3806 Epi·

141 3850 252 3913 scopus
266 3832 354 3894 Pater
367 3831 477 3895 Noster
491 3833 600 3894 finierit
602 3832 775 3912 ,accipleus
792 3829 1082 3892 archisubdiaconus
1096 3838 1230 3909 patenam
1250 3828 1294 3889 ab.
1304 3828 1455 3905 acolytho,

142 3934 250 3996 aderet
264 3953 328 3996 eam
342 3934 570 3997 Arcbidiseouo.
595 3934 650 3997 Ille
664 3943 777 4013 autem,
787 3943 819 3994 ut
831 3932 997 4027 Episcppus
1012 3932 1096 3994 dicit:
1116 3930 1167 3992 Da
1175 3931 1328 4010 propitias
1337 3945 1455 4009 pacem

141 4046 278 4118 patenam
292 4038 337 4099 illl
349 4038 585 4116 accommodans,
595 4038 746 4100 humerum
762 4038 825 4097 eius
839 4036 999 4114 osculetur,
1008 4036 1164 4115 statimque
1172 4033 1324 4116 Episcopo
1339 4032 1477 4095 dicente.

142 4137 201 4201 Pes·
223 4138 666 4202 omniasaecaiasaecalomtm
685 4141 810 4220 accipiat
831 4138 1096 4207 benedictionalem
1115 4137 1221 4203 librum
1243 4145 1272 4200 et
1294 4150 1456 4195 cantemus
1588 4216 1593 4221 Ι

143 4242 179 4303 ed
195 4239 334 4325 populum
349 4244 441 4304 dicat:
463 4241 623 4304 Ilandliate
636 4260 693 4305 oos
705 4241 748 4303 ad
759 4239 999 4303 Benedictionem
1017 4251 1047 4302 et
1069 4239 1157 4302 clero
1176 4234 1379 4318 respondente
1390 4232 1457 4299 Deo

140 4345 260 4422 oratius
284 4347 436 4428 porrigat,
452 4346 604 4426 Episcopo
630 4347 747 4408 librum.
797 4343 925 4426 Expleta
956 4354 1065 4407 autem·
1087 4340 1298 4403 benedictione
1331 4338 1456 4399 veniens

142 4444 304 4524 Presbyter
320 4449 445 4529 accipiat
460 4448 696 4511 benedictionem
718 4447 754 4509 ab
775 4450 928 4529 episcopo.
956 4447 996 4509 Αι
1009 4464 1082 4507 vero
1097 4440 1289 4504 Memnonios
1303 4450 1385 4502 recte
1399 4449 1457 4500 sta·

143 4548 198 4607 tuit
211 4548 284 4610 becc
297 4569 335 4611 er
350 4552 407 4612 ritu
422 4551 573 4613 Gallicano
588 4552 617 4612 iu
632 4551 739 4612 librum
752 4551 914 4612 Romanum
927 4551 1040 4612 intrusa
1053 4565 1132 4623 esse,
1148 4563 1213 4605 cum
1222 4545 1287 4627 ipsc
1300 4541 1458 4606 Zacharias

140 4649 281 4713 Pontilex
294 4654 324 4713 iu
343 4652 470 4734 epistole
487 4654 526 4717 ed
539 4654 571 4716 Β.
582 4654 766 4721 nannenus
783 4654 872 4717 mima
888 4646 969 4719 Ιιιιιί
979 4645 1177 4743 benedicendi
1189 4648 1357 4713 rimante
1372 4641 1459 4747 Gem-
