3202 5176
821 335 896 404 340

201 532 342 593 nitentiae
362 515 528 608 signum.¹)
567 528 730 589 Manifestis
752 537 783 588 ct
801 527 928 608 publicis
944 527 1168 607 peccatoribus,
1189 530 1238 609 qui
1252 530 1318 590 sire
1331 531 1518 610 poenitentia

202 636 364 715 perierunt.
405 631 444 692 lis
459 630 496 692 de
510 631 616 710 quibus
629 629 749 711 publice
763 639 894 706 constat,
916 630 995 708 qood
1010 629 1103 690 semel
1117 633 1146 691 in
1163 648 1239 692 anno
1256 649 1316 691 non
1329 633 1519 712 susceperint

202 739 389 798 Sacramenta
406 732 611 795 Confessionis
632 741 662 793 et
678 731 898 793 communionis
921 734 951 791 in
966 732 1076 792 Pascha
1092 741 1122 793 et
1136 733 1249 812 absque
1267 734 1328 794 ullo
1342 735 1434 811 signo
1449 752 1518 795 con·

202 840 330 899 tritionis
351 837 497 898 obierunt.
539 834 703 895 tutantibus
723 835 846 894 mortuis
867 836 932 894 sine
953 833 1109 913 baptismo.
1149 835 1205 896 Ubi
1227 852 1300 897 vcro
1314 837 1344 896 in
1359 837 1519 916 praedictis

202 939 318 1001 casibus
332 938 450 1000 dubium
465 939 644 1013 occurrerit,
664 922 1068 1022 Ordinariusconsnlator.1)

639 1060 931 1157 Exequiarum
960 1061 1077 1133 ordo.

306 1191 474 1254 Constituto
489 1189 549 1267 die,
565 1209 623 1270 quo
639 1209 746 1270 corpus
761 1189 797 1251 ad
812 1191 967 1251 ecclesiam
982 1187 1175 1250 deferendum
1185 1197 1240 1265 est,
1258 1188 1517 1253 convoceturille·

154 1283 159 1292 ’
202 1313 252 1356 rus
271 1303 300 1354 ct
315 1295 363 1355 alii
381 1295 429 1372 qui
444 1293 541 1353 funeri
560 1295 707 1352 interesse
721 1293 831 1353 debent
846 1302 876 1352 et
890 1294 918 1352 in
933 1291 1134 1353 Parochialcm
1150 1290 1199 1350 vel
1216 1292 1244 1350 in
1260 1292 1345 1353 aliam
1359 1291 1516 1354 ecclesiam

203 1399 284 1458 iuxta
298 1397 357 1458 loci
376 1394 628 1471 consuetudinem,
645 1395 749 1457 ordine
763 1394 941 1455 conveniant
955 1412 988 1454 ac
1004 1393 1078 1454 datis
1091 1394 1182 1453 certis
1196 1412 1355 1474 campanae
1369 1396 1466 1472 signis
1481 1415 1515 1457 eo

203 1499 290 1560 modo
306 1508 335 1558 et
349 1499 405 1558 ritu
420 1515 478 1576 quo
494 1498 522 1557 in
538 1515 574 1557 eo
589 1495 656 1557 loco
673 1497 736 1557 fieri
749 1496 846 1574 solet,
863 1495 1013 1557 Parochus
1027 1495 1145 1556 indutus
1160 1495 1379 1583 superpelliceo
1395 1506 1426 1558 et
1441 1497 1516 1559 stola

203 1602 299 1679 nigra,
315 1600 402 1661 etiam
418 1598 539 1679 pluviali
554 1598 663 1660 eisdem
678 1598 799 1675 coloris,
816 1598 926 1659 clerico
942 1598 1132 1677 praeferente
1148 1595 1270 1658 Crucem
1284 1608 1313 1659 et
1327 1598 1391 1660 alio
1403 1599 1515 1680 Aquam

202 1702 403 1780 benedictam,
418 1701 453 1762 ad
469 1701 584 1761 domum
599 1699 729 1761 defuncti
745 1719 801 1761 una
820 1719 884 1761 cum
902 1700 967 1760 aliis
981 1698 1128 1780 procedit.
1155 1698 1377 1761 Distribuuntar
1393 1687 1513 1788 ccrei²)

173 1824 176 1828 ·
202 1815 233 1867 et
252 1802 451 1867 accenduntur
472 1804 625 1864 intortitia.
662 1801 733 1862 blox
749 1803 901 1864 ordinatur
914 1803 1089 1879 Processio‚
1112 1801 1359 1882 praecedentibus
1374 1804 1515 1865 laicorum

203 1892 505 1985 confraternitatibus,
521 1906 546 1965 si
560 1906 672 1965 adsint:
688 1914 747 1965 tum
761 1907 895 1984 sequitur
905 1903 1009 1966 Clarus
1023 1904 1168 1982 regularis
1184 1913 1213 1964 et
1226 1904 1387 1966 saecularis
1402 1924 1458 1986 per
1470 1925 1514 1969 or-

201 2008 298 2070 dinem
314 2009 433 2087 binique
447 2005 628 2086 procedunt‚
649 2007 780 2086 praelata
795 2006 906 2084 Gracc,
922 2008 1031 2068 devote
1045 2005 1176 2066 Psalmos
1194 1994 1446 2086 decantantes‚3)
1465 2008 1514 2069 Pa·

203 2111 294 2173 rocho
316 2109 512 2190 praecedente
533 2108 676 2168 feretrum
698 2127 762 2187 cum
783 2108 950 2170 luminibus.
987 2108 1058 2169 lnde
1075 2108 1300 2188 sequunturalii
1318 2109 1407 2171 funus
1426 2111 1514 2173 comi-

152 2219 164 2229 ”
202 2221 297 2274 tantes
314 2221 344 2272 et
361 2229 416 2290 pro
430 2210 570 2272 defuncto
585 2212 641 2270 rite
655 2209 748 2271 Deum
763 2210 958 2292 deprecantes
972 2210 1026 2270 sub
1040 2210 1171 2274 silentio.
1269 2200 1272 2205 ’

205 2306 211 2315 ’
227 2329 231 2337 ·
303 2313 453 2375 Parochus
468 2330 553 2389 vero,
567 2321 721 2391 antequam
736 2331 844 2394 corpus
856 2312 1005 2391 efferatur,
1020 2306 1091 2373 illud
1103 2313 1337 2392 adspergitaqua
1349 2298 1514 2389 benedicta.

200 2416 272 2478 blox
294 2417 364 2478 dicit
384 2402 606 2494 antiphonam:¹
628 2402 666 2478 Si
684 2407 877 2500 iniquitates
895 2405 1139 2491 observaveris
1163 2413 1226 2475 etc.
1247 2423 1277 2475 et
1297 2415 1442 2478 Psalmnm
1463 2407 1514 2479 Da

200 2509 379 2606 profundis
400 2508 547 2578 clamavi
569 2507 611 2577 ad
630 2516 664 2576 te
684 2507 831 2579 Domine
851 2518 915 2578 etc.
926 2505 960 2601 4)
984 2525 1014 2576 et
1032 2519 1060 2577 tn
1079 2517 1137 2575 ane
1152 2506 1319 2600 Requiem
1341 2519 1514 2581 aeternam

202 2612 291 2684 dona
314 2613 364 2682 eis
383 2609 529 2680 Domine
556 2619 590 2679 et
612 2606 674 2680 lux
695 2619 861 2704 perpetua
882 2609 996 2680 luceat
1017 2611 1077 2681 eis.
1115 2616 1236 2698 Repetit
1249 2617 1450 2700 antiphonam
1471 2631 1513 2682 to·

96 2784 101 2792 .
200 2734 256 2785 tam
278 2712 315 2788 Si
336 2713 529 2806 iniquitates
548 2720 611 2782 etc.
648 2719 764 2782 Deinde
778 2740 887 2811 corpus
902 2719 1051 2798 efferatur,
1065 2719 1274 2799 Parochusque
1289 2720 1326 2783 de
1342 2722 1432 2785 domo
1448 2741 1512 2805 pro·

138 2848 144 2855 ⁵
202 2854 428 2869 -ιι-..ι-ι--ν-

265 2919 295 2990 1)
311 2912 557 2971 Conciltlalcntin.
575 2912 670 2968 ..aaa
687 2916 820 2985 c.1n„1n
838 2914 931 2970 duello
947 2931 1044 2972 caesus
1060 2922 1184 2987 tanmm
1197 2916 1240 2971 sui
1254 2914 1391 2972 homicida
1406 2924 1436 2972 at
1449 2933 1514 2990 pro·

200 3000 277 3072 priae
296 2999 391 3054 mortis
413 3004 580 3068 spontancus
598 2996 735 3069 appetitor
751 3015 766 3054 a
780 2998 933 3055 dominicae
948 3000 1094 3056 oblationis
1111 2991 1369 3056 commemoratione
1384 3002 1515 3058 habeatur

200 3085 319 3154 alienus,
341 3098 393 3138 nec
416 3080 535 3136 cadaver
558 3081 617 3136 cius
639 3097 699 3136 cum
720 3083 830 3153 psalmis
851 3083 895 3139 vel
917 3085 1085 3141 orationibus
1107 3084 1142 3140 ad
1156 3085 1320 3156 sepulturam
1334 3084 1491 3142 deducatur
1494 3087 1513 3116 “

199 3170 336 3225 Doctores
351 3167 425 3223 multi
439 3165 635 3237 ampliaverunt
649 3180 747 3222 nomen
763 3168 850 3223 Duelli
864 3167 899 3223 ad
910 3169 1106 3225 torneamenta
1122 3177 1149 3225 et
1164 3169 1198 3225 ad
1212 3177 1363 3240 pugnantes
1379 3187 1440 3226 cum
1455 3177 1515 3228 tau-

198 3254 239 3310 ris
259 3254 286 3308 in
309 3250 488 3322 spectaculis,
510 3248 643 3320 quibus
621 3267 644 3305 ar
660 3260 787 3308 occurrat
802 3253 901 3310 misere
915 3253 986 3309 mori
1000 3254 1027 3308 in
1042 3253 1090 3309 tali
1104 3270 1213 3325 pugna,
1234 3253 1314 3324 signa
1329 3254 1514 3347 poenitentiae

199 3336 263 3392 nibil
280 3334 388 3408 prosint
404 3341 433 3389 at
447 3333 585 3406 sepultura
602 3334 788 3393 ecclesiastica
805 3343 847 3394 cst
863 3317 1016 3392 interdicta.

261 3417 292 3493 b)
309 3418 493 3475 Buruffaldus:
509 3415 640 3490 atquem
656 3419 710 3477 boc
725 3436 791 3476 casu
806 3402 980 3478 difficultates
994 3428 1022 3478 et
1037 3421 1116 3478 dubia
1132 3437 1240 3493 semper
1255 3421 1281 3477 in
1295 3421 1435 3478 meliorem
1446 3437 1514 3494 par-

197 3511 252 3560 tam
266 3503 469 3574 interpretanda
484 3508 556 3559 sunt.

260 3589 290 3655 3)
306 3589 530 3656 chrysostomus·
557 3585 592 3645 st
611 3579 787 3664 βούλονται
796 3587 833 3649 cf
847 3583 1002 3666 λαμπάδες
1023 3586 1058 3648 ui
1076 3572 1219 3667 patipati,
1241 3581 1296 3667 οὐχ
1316 3584 1359 3660 abr
1376 3574 1516 3665 ἆθλητιὶς

197 3693 269 3784 cong
289 3664 415 3748 scuposis
436 3665 677 3748 mapamipssoprv3

259 3754 291 3833 4)
308 3756 364 3811 lum
379 3763 487 3812 veteres
497 3757 664 3812 christianos
686 3756 791 3835 psalmo
806 3762 835 3813 et
848 3756 955 3826 hymnis
969 3765 1092 3814 mortuos
1106 3772 1173 3814 suos
1187 3757 1335 3814 deduxisse
1349 3762 1446 3813 notum
1462 3762 1513 3812 ast

198 3840 425 3911 chrysostomus:
449 3835 513 3898 stari
524 3831 589 3939 puio
607 3861 659 3918 μοι
679 3839 709 3900 rt
726 3824 888 3941 potiones
910 3834 978 3900 oi
959 3861 1067 3918 spaera
1088 3833 1155 3940 o'arpi
1177 3835 1232 3901 cdv
1252 3835 1329 3900 θεον
1347 3830 1515 3940 doiuiipprv

196 3923 247 3984 arci
254 3916 501 4023 εὐχαριστοῦμεν
524 3916 569 3983 iias
589 3918 713 3995 λοιπόν,
736 3917 974 4024 toramiiomct
943 3947 996 3986 ιον
1015 3917 1274 3999 ἆνιιιθανὸνιν,”
1256 3947 1305 3986 οτι
1323 3927 1386 3985 cciv
1406 3917 1516 4024 πόνων

197 4001 368 4097 νῖιιήλλαξεν
391 4015 460 4079 etc,
483 4029 519 4068 ον
513 4000 590 4066 ’dcci
612 4010 702 4068 τοῦτο
724 4002 830 4085 ὕμνοις
852 3999 890 4068 ον’
913 4004 963 4067 aas
983 4013 1072 4069 τοῦτο
1092 4009 1278 4091 palpabitur,
1301 4012 1396 4068 ταῦτα
1412 4002 1516 4068 acuisse

196 4090 372 4171 χαιρόντων.
414 4050 563 4148 Cobciliunr
577 4092 740 4149 Araiai-cnse
761 4093 833 4164 apud
848 4092 1007 4150 Severinum
1019 4094 1122 4151 binium
1144 4103 1219 4167 post.
1235 4095 1340 4152 concil.
1354 4095 1382 4154 3.
1411 4093 1515 4150 Arela—

197 4186 275 4235 tcase
289 4177 449 4250 probibuit
442 4194 469 4232 ιι
485 4176 608 4248 exequiis
622 4177 738 4234 carmina
754 4177 869 4250 profana
885 4184 914 4235 et
928 4178 1063 4236 diabolica
1079 4187 1107 4235 et
1121 4180 1308 4251 subiungitz,
1310 4179 1350 4248 ‚Si
1369 4178 1431 4250 puis
1447 4195 1515 4234 caa-

196 4269 256 4318 tarc
270 4262 411 4318 desideret
424 4260 508 4330 ituria
523 4261 634 4318 cleison.
646 4262 766 4318 cantet.“

258 4344 289 4417 5)
304 4346 458 4411 Ballarmin.
473 4346 501 4401 in
520 4347 616 4402 Psatm.
633 4347 697 4402 129:
711 4345 885 4425 Psalmuslie
900 4347 1102 4417 profundis
1116 4349 1150 4405 ab
1164 4347 1283 4404 ccclesia
1298 4344 1459 4415 migratus
1471 4351 1518 4402 cst

197 4429 232 4487 ad
245 4430 371 4486 levamen
383 4431 586 4499 Βειιιιιινιιιιιι,
602 4431 727 4502 quoniam
741 4443 883 4501 precamur
898 4429 927 4483 iu
939 4446 1058 4502 persora
1073 4434 1179 4490 animae
1193 4432 1222 4488 in
1235 4430 1406 4504 purgatorio
1415 4429 1516 4485 deten-

195 4520 240 4570 tae
259 4522 287 4569 at
309 4515 398 4572 omnia
420 4513 461 4580 illi
476 4515 578 4587 optimc
592 4515 737 4586 duamani:
761 4526 822 4569 uam
837 4519 866 4569 ct
881 4512 988 4575 adnuae
999 4517 1063 4575 illae
1077 4526 1141 4576 sum
1153 4519 1181 4574 in
1195 4515 1315 4589 quodam.
1329 4513 1469 4588 profundo
1487 4519 1518 4570 et

195 4599 346 4656 ascendere
361 4598 484 4670 cupiunt,
500 4605 693 4671 exspcctautes
710 4594 926 4655 miscricordiam
940 4598 1000 4659 lici.
