3202 5176
280 476 336 529 Ave
348 479 427 547 plena
442 479 531 546 gratia
854 498 858 505 ·
883 547 888 555 ἱ
962 478 1149 554 vespertinum
1164 481 1273 536 fletibus

278 563 361 615 Cuius
376 565 447 628 inter
458 562 570 617 brachie
961 567 1000 619 Et
1014 565 1110 623 amaris
1120 569 1261 635 questibus

279 647 316 699 Se
331 648 392 700 litat
407 650 465 702 Deo
483 650 564 701 Deus.
758 725 762 733 ⁸
965 653 996 705 ln
1008 661 1086 704 cruce
1099 651 1264 705 miscebitur.

277 781 331 832 Eas
342 796 382 835 me
399 787 523 856 temptum
538 789 642 855 vinem
760 779 765 789 '
961 787 1037 840 Haec
1051 787 1102 839 iarn
1117 795 1160 840 est
1175 788 1278 841 oblatio

235 930 239 936 ι
278 866 342 918 Tibi
354 868 394 919 ias
408 887 553 927 occurrere
657 885 660 893 '
779 946 782 953 Ι
962 871 1046 925 Cuius
1058 889 1147 925 omues
1163 874 1252 942 pretio

275 953 355 1004 Amor
369 956 461 1013 oJesu
474 975 557 1012 meus.
642 990 645 995 -
709 1021 714 1031 ι
889 986 891 991 ·
958 957 1016 1010 Deo
1031 957 1205 1028 restituimur.

225 1067 229 1074 ’
275 1087 326 1141 Est
339 1089 367 1140 in
381 1092 480 1161 templo
494 1092 631 1160 Dominus,
687 1094 692 1104 ’
732 1058 734 1064 Ι
958 1094 1078 1146 lemnon
1095 1095 1171 1147 nobis
1187 1074 1270 1146 debiti

275 1173 371 1241 Angeli
386 1183 458 1228 stant
470 1179 601 1231 cominus:
640 1214 643 1219 -
958 1179 1024 1232 Tibi
1041 1180 1113 1231 Deus
1128 1178 1229 1233 subditi

274 1258 320 1309 Nil
335 1261 361 1311 in
376 1260 458 1314 coelis
473 1264 597 1332 amplius.
960 1264 1080 1317 Vivimus
1094 1271 1123 1317 et
1136 1265 1269 1317 morimur.
1358 1304 1361 1309 .

156 1440 161 1449 .
203 1422 207 1429 ·
272 1394 362 1448 Habet
373 1383 455 1451 Deum
470 1400 599 1456 hominem
635 1444 640 1453 .
828 1424 833 1433 ·
958 1404 1037 1455 Nunc
1051 1401 1156 1454 dimitte
1169 1401 1296 1454 famulost

272 1479 310 1531 Et
322 1490 458 1550 parentem
473 1485 609 1553 Virginem
957 1488 1005 1541 Nil
1020 1495 1096 1541 tenet
1107 1486 1150 1538 hic
1161 1487 1268 1549 oculos;

274 1566 358 1618 Coelo
369 1569 493 1639 templum
510 1571 600 1625 ditius.
891 1593 918 1628 ·.
955 1574 998 1627 Da
1008 1580 1037 1626 te
1050 1573 1137 1641 palam
1152 1588 1272 1626 cernere.

275 1698 387 1768 spirant
401 1721 478 1756 sacra
494 1708 628 1773 gaudium·
956 1707 989 1758 Si
1000 1705 1077 1759 iubes
1093 1706 1137 1759 tic
1153 1706 1247 1765 vivere

199 1850 201 1855 Ι
273 1782 354 1837 Mane
364 1788 523 1843 sacrificium
794 1794 797 1799 '
954 1790 996 1842 Da
1010 1791 1138 1843 cumlesu
1150 1805 1280 1855 crescere,

272 1868 385 1925 Plausus
399 1873 471 1927 inter
481 1873 612 1928 redditur.
954 1874 995 1926 Da
1010 1892 1059 1945 per
1073 1875 1142 1928 hunc
1156 1890 1307 1943 resurgere.
1326 1945 1328 1949 v
1420 1899 1425 1910 ·

246 2027 296 2088 IX.
329 2029 478 2111 Colleeta,
499 2053 574 2114 quae
591 2032 786 2112 Evangelium
805 2033 968 2113 praecedit,
990 2052 1050 2096 non
1068 2034 1145 2116 apud
1163 2051 1266 2095 omnes
1281 2031 1384 2093 eadem
1401 2040 1456 2093 est.

145 2127 263 2190 llissale
280 2128 550 2214 Carthasiensium,
570 2134 678 2198 editum
693 2136 814 2198 Parisiis
830 2132 912 2196 1603
927 2137 1119 2199 Sacerdotem
1133 2135 1208 2198 haee
1220 2144 1290 2198 ante
1303 2134 1461 2211 Evangelii

145 2235 347 2296 recitationem
369 2238 440 2298 facit
459 2250 607 2301 orantem:
632 2237 781 2303 Dominus
799 2239 841 2299 sit
863 2239 895 2298 in
918 2239 1009 2300 eorde
1027 2257 1093 2302 meo
1121 2244 1152 2298 et
1170 2238 1202 2300 in
1226 2237 1314 2299 labiis
1327 2236 1412 2314 meis,
1425 2242 1460 2297 al

143 2342 225 2395 recte
234 2340 425 2414 mortantiem
437 2339 633 2420 Eonnpeliam
643 2343 742 2421 pacis,
763 2342 820 2402 Vel
831 2344 856 2402 si
872 2344 901 2402 in
918 2341 1073 2404 Conventa
1087 2341 1177 2404 llissa
1191 2341 1368 2416 celebratur,
1384 2340 1460 2420 petit

142 2438 291 2523 Diaconos
307 2441 542 2503 benedictionem
556 2462 638 2504 more
652 2453 810 2520 consueto,
824 2443 989 2524 respondet
1004 2443 1183 2507 Celebrant:
1208 2442 1356 2507 Dominae
1367 2441 1410 2502 sit
1424 2441 1457 2502 in

143 2540 235 2600 corde
249 2547 300 2602 tao
313 2543 386 2603 etin
398 2542 487 2604 labiis
500 2545 570 2623 tais,
584 2548 619 2604 at
630 2550 712 2625 reete
723 2543 816 2609 scobis
827 2547 1003 2622 pronunties
1015 2543 1211 2623 annpelinm
1220 2546 1319 2623 pacis.

244 2679 437 2758 Evangelium
459 2700 554 2761 aeque
575 2690 662 2762 atque
682 2678 844 2760 Epistulam
866 2682 896 2740 in
917 2680 1268 2742 summisfestivitatibus
1294 2698 1403 2758 graece
1425 2689 1455 2740 et

144 2781 234 2842 latine
248 2775 412 2861 perlectum
432 2803 511 2862 esse,
526 2803 602 2844 nuno
616 2785 677 2862 legi
697 2786 727 2843 in
743 2775 829 2855 inissa
845 2783 954 2863 papali,
974 2784 1029 2843 iam
1045 2801 1133 2863 supra
1146 2784 1348 2862 exposuimus.
1374 2780 1457 2843 Bona

142 2882 206 2960 Vll,
221 2881 257 2945 2:
285 2882 358 2945 Cam
376 2903 511 2946 sommas
525 2884 666 2964 pontifex
680 2885 808 2960 mnsam
820 2883 1002 2944 sollemniter
1014 2874 1120 2946 cantat
1139 2891 1201 2944 tam
1213 2880 1352 2965 Epistola
1366 2900 1456 2962 qnam

142 2982 339 3065 Eeanpelinm
359 2988 475 3049 Graece
494 2996 525 3049 et
536 2980 644 3050 Latine
664 2987 812 3067 lepontar.
839 2985 977 3050 Diaeono
996 2984 1124 3065 Latino,
1146 2987 1198 3066 qni
1210 2983 1383 3047 Cordirmlis
1398 2992 1455 3063 est,

137 3091 326 3166 praecedant
338 3085 450 3170 sept'em
461 3090 593 3172 acolythi
603 3110 671 3153 eam
684 3097 796 3169 septem
813 3088 1005 3150 candelabris
1023 3096 1052 3149 et
1072 3089 1169 3151 cereis
1189 3089 1326 3157 arcanis
1348 3088 1454 3149 eidem

141 3209 199 3269 qne
213 3192 319 3272 lapenti
331 3195 497 3255 assistant:
510 3201 543 3255 et·
553 3194 728 3273 postipsnm
734 3191 930 3270 Eneapeliam
941 3209 1052 3270 praece
1064 3178 1296 3272 lepitDiaeorsas
1307 3172 1454 3251 Graecas.
1505 3226 1508 3231 ,

141 3291 277 3356 Eandem
298 3315 410 3357 morem
429 3286 583 3358 serentum
601 3297 636 3356 in'
646 3297 830 3357 monasterio
843 3292 1020 3383 cassinensi
1036 3301 1146 3355 namot
1165 3295 1197 3354 in
1211 3292 1357 3354 Chronico
1371 3293 1399 3354 1.
1411 3288 1456 3353 23

139 3395 203 3465 Leo
218 3397 366 3459 Ostiensis
385 3378 415 3459 et
426 3398 505 3460 lianc
517 3399 616 3477 ipsam
629 3398 729 3463 adbuc
741 3399 841 3477 cipere
855 3397 960 3458 diebus
973 3396 1212 3458 sollemnioribas
1224 3397 1256 3456 in
1269 3395 1454 3457 monasterio

92 3545 97 3554 .
139 3497 172 3558 S.
185 3497 324 3578 Dionysii
334 3501 367 3560 in
378 3476 510 3569 Francia
523 3502 624 3562 retulit
633 3501 706 3562 milei
718 3503 766 3561 eir
776 3501 836 3580 fide
850 3500 957 3578 dmnas
973 3499 1011 3559 ci.
1026 3518 1056 3578 p.
1068 3494 1140 3558 121.
1176 3498 1280 3559 Narrat
1294 3497 1453 3560 llartcnius

141 3619 181 3661 ex
195 3600 471 3670 vetustoGallicano
487 3609 544 3663 ritu
559 3605 614 3663 tria
623 3603 703 3683 lecta
718 3622 786 3663 esse
800 3605 828 3662 in
838 3599 1298 3683 EpiphaniallominiEvangelia
1308 3619 1367 3662 nno
1383 3619 1453 3689 con·

141 3711 224 3763 textu
241 3704 404 3783 eodemque
420 3713 539 3764 tenore:
558 3705 682 3784 primum
698 3704 734 3764 de
752 3702 858 3780 Magis,
872 3703 1032 3763 secundum
1047 3702 1084 3763 de
1098 3703 1259 3782 Baptismo‚
1278 3704 1395 3775 tertium
1417 3703 1455 3783 ds

139 3806 250 3886 nuptiis
274 3808 302 3867 in
318 3804 569 3868 oanadalitaeas.
606 3805 700 3866 Simili
720 3806 808 3887 prodo
827 3807 856 3865 in
874 3804 1104 3897 ilircumcisione
1124 3805 1289 3885 Evangelio
1305 3806 1453 3870 octavae:

89 3919 94 3928 ·
138 3907 283 3973 Praetores
296 3906 494 3986 loquebantur
506 3892 723 3997 subiungedant
736 3909 890 3969 festivum:
918 3904 959 3966 Et
975 3914 1136 3996 postquam
1157 3909 1356 3969 consummati
1373 3913 1454 3968 sant.

241 4045 328 4119 Quod
343 4044 379 4106 ad
396 4044 595 4122 Doxologiam
612 4048 642 4106 in
661 4045 904 4123 lineEvangelii,
925 4043 999 4106 hane
1015 4043 1092 4125 apud
1106 4046 1242 4124 antiquos
1258 4046 1293 4106 ab
1310 4022 1452 4105 hodierna

139 4147 309 4236 discrepare
323 4148 418 4208 discas
432 4148 468 4209 ab
478 4148 652 4210 'Alexandro
666 4148 770 4210 Alesio
784 4145 893 4208 4Part.
904 4146 1049 4209 Summae.
1078 4146 1174 4209 Tract.
1189 4147 1227 4208 de
1241 4147 1344 4207 lllissa:
1359 4143 1450 4220 „Per-

139 4249 219 4310 lecto
230 4249 397 4327 Evangelio
412 4249 512 4312 dicunt
526 4253 701 4312 assistentes
719 4247 833 4328 Amen}
852 4251 934 4330 quasi
956 4250 1069 4311 dicant:
1098 4250 1187 4311 faciat
1208 4265 1263 4309 nos
1286 4247 1367 4307 Deus
1381 4263 1449 4326 per*

139 4370 279 4413 severare
294 4355 323 4413 in
338 4352 471 4414 doctrina
485 4352 652 4430 Evangelii.
680 4352 739 4413 Alii
754 4351 929 4422 dieuntDeo
940 4352 1069 4431 pratitas,
1084 4354 1114 4413 in
1130 4351 1287 4429 gratiarum
1303 4349 1449 4410 actionem

140 4471 196 4533 pro
209 4430 356 4517 beneficid
368 4453 522 4517 doctrinae
537 4446 634 4516 tantm
649 4463 679 4516 et
692 4465 749 4517 tam
761 4456 907 4518 salutaris.
933 4455 1018 4529 [tune
1032 4456 1155 4517 dicimus
1163 4449 1249 4512 Laas
1261 4450 1315 4512 tibi
1321 4448 1447 4535 Christe.

139 4554 255 4634 Deinde
267 4558 385 4620 subiicit
398 4557 560 4622 Sacerdos:
585 4533 645 4621 Pir
655 4557 829 4639 warmatiae
845 4546 927 4620 diem
939 4557 1096 4620 deleantm
1107 4560 1216 4617 nostra
1226 4550 1367 4617 delicta.“
