3202 5176
701 372 775 442 259

79 546 255 628 nicationis
279 563 433 650 usurpet,
459 555 541 627 nixa
565 554 643 628 lidei
661 557 896 653 mandatisque
917 565 1123 654 permaneat.
1132 556 1163 644 1)
1200 557 1330 631 Muniat
1351 561 1401 633 in'·

81 658 274 729 firmitatem
300 680 397 733 suam
419 658 547 730 robore
575 657 830 756 disciplinae.²)
885 659 936 733 Sit
956 661 1165 733 verecundia
1185 665 1316 754 gravis
1337 685 1399 759 pu-

80 761 168 833 dore
188 761 412 852 venerabilis,
436 762 832 859 doctrinis-coelestibus
856 763 996 835 erudita.
1043 760 1094 835 Sit
1115 763 1262 834 fecunda
1284 767 1319 834 in
1342 784 1399 836 so-

80 863 246 1061 poletapit·
262 864 405 960 probata
431 874 466 947 et
487 867 666 956 innocens,
686 877 787 960 atque
817 864 860 935 ad
887 866 1052 938 coelestia
1073 886 1182 958 regnu
1209 868 1397 962 perveniat.

111 984 158 1037 cr.
207 1034 215 1042 ,

636 1147 838 1156 ——---——-

217 1396 268 1476 ll.
312 1399 383 1473 EX
416 1398 892 1478 SACRAMENTARIO
927 1398 1250 1481 canusinum.
1289 1456 1290 1459 ,

482 1548 632 1628 incipit
659 1552 771 1612 nocio
799 1551 1001 1631 nuptialis.

190 1702 494 1882 Adestztpglomine
515 1714 578 1781 etc.
602 1717 639 1780 ut
660 1733 690 1804 p.
710 1708 793 1779 258.
835 1709 1049 1794 Quaesumus
1068 1710 1282 1803 omnipotens
1302 1709 1398 1782 Deus

78 1820 144 1882 etc.
169 1822 206 1882 ut
228 1833 259 1907 p.
365 1865 372 1880 .

657 1990 827 2051 Secreta.

180 2112 314 2189 Adesto
341 2116 488 2191 Domine
517 2115 820 2213 supplicationibus
852 2117 979 2188 nostris
1007 2123 1042 2184 et
1070 2113 1157 2184 hanc
1187 2108 1396 2201 oblationem

77 2217 282 2288 famularum
302 2224 436 2291 tuarum
462 2218 614 2306 Illarum,
639 2240 739 2312 quam
761 2216 821 2289 tibi
841 2216 988 2291 offerunt
1013 2237 1077 2312 pro
1100 2211 1226 2285 famula
1248 2224 1306 2285 tua
1331 2200 1396 2284 iiia

79 2341 180 2415 quam
201 2317 244 2388 ad
264 2329 386 2392 statum
404 2322 604 2401 maturitatis
627 2330 660 2389 et
683 2319 726 2390 ad
744 2318 833 2390 diem
851 2320 1042 2414 nuptiarum
1061 2315 1254 2413 perducere
1277 2314 1395 2408 digua-

77 2426 134 2492 tus
161 2441 217 2509 ee,
248 2420 403 2516 placidus
436 2445 478 2493 ac
503 2422 673 2512 benignus
710 2421 868 2493 adsume:
901 2432 938 2492 ut
971 2418 1063 2516 quod
1088 2424 1146 2490 tua
1172 2416 1395 2514 dispositione

78 2520 280 2619 expeditur,
307 2530 366 2595 tua
393 2526 502 2616 gratia
528 2523 749 2617 compleatur.
803 2523 880 2592 Per.
1051 2540 1055 2548 ·

182 2624 277 2696 Deus
302 2629 359 2720 qui
385 2625 528 2697 foedera
550 2626 743 2719 nuptiarum
763 2621 889 2694 blando
913 2616 1122 2693 concordiae
1143 2622 1225 2712 iugo
1248 2624 1283 2690 et
1302 2618 1394 2691 inso-

78 2724 173 2798 lubili
207 2728 302 2823 pacis
334 2727 474 2800 vinculo
500 2727 667 2799 nexuisti:
700 2733 737 2797 ut
765 2723 1027 2819 multiplicandis
1062 2721 1282 2816 adoptionum
1316 2720 1393 2794 filiis
1438 2743 1445 2752 “
1515 2789 1518 2796 .

79 2839 274 2901 sanctorum
298 2829 546 2901 connubiorum
572 2826 788 2900 foecunditas
810 2827 933 2921 pudica
957 2827 1112 2900 serviret.
1121 2821 1157 2920 4)
1211 2818 1284 2893 Tua
1305 2824 1395 2892 enim

78 2930 224 3002 Domine
252 2931 487 3026 providentia,
518 2943 644 3025 tuaque
677 2931 787 3022 gratia
817 2926 1044 2998 ineffabilibus
1075 2926 1186 2998 modis
1213 2934 1394 3017 utromque

79 3032 268 3128 dispensatz
296 3044 333 3104 ut
354 3034 445 3128 quod
472 3035 650 3126 generatio
678 3032 721 3101 ad
745 3030 862 3101 mundi
881 3025 1027 3125 edidit5)
1055 3037 1224 3117 ornatum,
1247 3046 1394 3117 regene-

76 3137 166 3206 ratio
192 3136 235 3207 ad
262 3135 432 3210 ecclesiae
453 3134 620 3232 perducat
645 3143 873 3227 augmentum.
1081 3133 1084 3138 ’

561 3312 666 3374 lnfra
698 3313 907 3373 Actionem.

177 3438 274 3510 Hanc
296 3442 400 3532 igitur
420 3439 628 3510 oblationem
654 3449 718 3509 etc.
741 3448 778 3508 ut
797 3455 829 3532 p.
854 3435 938 3506 258.

100 3616 204 3677 lnfra
225 3617 424 3677 Actionem
453 3617 493 3677 ad
519 3583 772 3694 'frigesimum
795 3615 856 3674 vel
878 3609 1085 3673 Annualem
1106 3595 1373 3695 Nuptiarum.⁶)

178 3742 276 3813 Hanc
301 3747 404 3835 igitur
431 3743 658 3832 oblationem,
689 3740 855 3827 Domine,
887 3737 1093 3807 famulorum
1114 3706 1257 3806 tuorum,
1275 3734 1331 3806 llli
1357 3743 1392 3805 et
1439 3718 1443 3723 ’

77 3846 159 3921 illas
193 3868 295 3941 quam
321 3846 382 3937 tibi
410 3846 557 3918 offerunt
584 3844 628 3917 oh
657 3844 747 3915 diem
774 3841 1003 3933 'frigesimum
1031 3839 1280 3911 coniunctionis
1305 3857 1390 3910 suae

78 3984 287 3999 Μ

143 4048 245 4126 1)(1ο1.
261 4055 468 4124 permanent
489 4047 701 4107 feminarum.
722 4045 888 4105 serviens
903 4043 1085 4113 Deorero,
1100 4037 1233 4098 devote
1248 4038 1390 4095 muniat

60 4133 181 4212 'maen
199 4135 419 4209 disciplinae
439 4134 500 4213 ani
520 4140 603 4191 toro
624 4135 746 4190 iuncta
767 4120 1238 4188 contactnevitneillicitoe
1257 4120 1390 4192 fugiat.

10 4227 12 4234 ’
77 4216 109 4297 δ)
124 4221 180 4282 liei.
198 4226 231 4279 et
251 4221 292 4276 nd
311 4221 501 4277 beatorum
519 4219 809 4295 requicmusquc
824 4215 866 4272 ad
882 4213 1068 4272 coelestin
1083 4217 1150 4268 eto.
1174 4210 1205 4279 4)
1219 4206 1301 4277 daeg.
1316 4217 1390 4283 sci·-

78 4313 246 4364 vcretur.
279 4302 311 4383 5)
334 4304 416 4377 areg.
440 4303 524 4361 edit.
569 4305 596 4372 6)
618 4303 660 4359 Ex
676 4303 824 4359 devotione
839 4297 1133 4358 maiorumtriceelnue
1147 4289 1392 4350 conniventiae

11 4442 16 4448 .
78 4379 241 4447 matr'inonii
259 4390 318 4448 dies
337 4391 529 4467 celebrabatur
547 4389 688 4446 oblatione
706 4386 832 4446 sacrificii
849 4384 983 4444 incruenti
1003 4390 1032 4439 et
1044 4377 1254 4454 participatione
1268 4375 1390 4433 eiusdem

77 4475 152 4531 sacri
165 4475 285 4544 mysterii
297 4475 376 4532 simili
389 4477 472 4533 modo
483 4483 564 4549 atque
575 4472 727 4532 tricesimus
739 4474 799 4530 dioc
809 4480 873 4546 post
884 4471 986 4529 obitum
998 4466 1185 4549 defunctorum
1196 4462 1328 4534 religiose
1340 4471 1390 4517 co-

78 4558 193 4616 lebatur.
220 4560 303 4616 Recte
318 4561 489 4618 liinterinriue
500 4561 616 4618 lienlrw.
629 4548 683 4631 Vl,
704 4562 730 4616 2.
750 4574 777 4633 p.
793 4557 844 4613 182
859 4570 954 4615 corum
968 4552 1069 4633 refellit
1085 4545 1262 4620 cententitin,
1284 4545 1328 4620 qui
1339 4562 1389 4618 pu-

76 4649 144 4716 tant,
156 4643 288 4715 coniuges
300 4662 350 4717 per
364 4645 476 4720 triginta
491 4646 551 4706 dics
563 4645 746 4706 continentiae
756 4641 814 4717 legi
828 4642 974 4701 adstrictos
985 4637 1079 4694 fuisse.
1114 4668 1192 4786 w·
