3202 5176
807 331 881 401 234

293 520 365 584 'l'um
386 540 549 587 conversus
567 522 602 583 ad
624 520 717 582 altare
735 521 766 586 P.
785 523 856 585 dicit
875 512 1022 586 Oremus
1040 520 1078 585 Et
1093 525 1217 588 ministri
1233 516 1430 590 Fleutamus
1444 541 1504 610 ge-

190 636 267 688 mla.
308 621 351 708 Bt
372 615 513 688 Levate.
552 623 591 686 Et
612 641 682 685 mox
695 625 728 685 P.
744 643 850 687 uersus
869 625 905 688 ad
925 624 1113 688 ordinandos
1130 628 1308 705 genuflexos
1321 628 1411 717 dicit:
1431 620 1503 692 Do-

189 719 280 789 mine
303 727 435 807 sancte‚
458 718 562 790 Pater
581 719 809 812 omnipotens,
827 728 970 791 aeterno
984 718 1081 791 Deus
1102 736 1160 792 etc.
1176 740 1208 791 ut
1220 749 1288 812 pag.
1302 726 1380 794 217.

290 846 363 908 Tum
378 846 410 909 P.
426 847 535 909 sedens
553 849 704 925 amictum,
722 848 771 927 qui
785 849 815 907 iu
830 847 911 910 collo
926 848 1162 912 ordinandorum
1176 852 1256 912 iacet
1269 851 1396 931 imponit
1410 869 1503 932 super

186 957 273 1030 eaput
288 949 416 1028 siugulis
431 950 547 1011 dicens:
563 941 696 1036 Accipe
715 935 966 1036 amictum,=pe1'·
984 964 1085 1036 quem
1103 944 1302 1036 designatur
1319 944 1501 1037 castigatio

184 1040 394 1237 Eocdmedn
426 1046 564 1115 nomine
599 1042 649 1116 Pa
671 1041 783 1136 †tris
818 1052 854 1114 et
893 1043 992 1140 Fit
1023 1044 1060 1117 lii
1091 1057 1126 1119 et
1157 1044 1304 1143 Spiritus
1322 1045 1354 1141 's
1373 1043 1498 1119 Sancti.

288 1255 360 1316 l'um
375 1255 501 1318 immittit
520 1253 699 1335 manipulum
714 1254 744 1316 iu
759 1253 909 1318 sinistrum
923 1255 1074 1319 brachium
1089 1256 1212 1320 cuilibet
1225 1257 1345 1320 diceus:
1366 1249 1500 1346 Accipe

107 1368 113 1373 ·
185 1348 413 1443 manipulum,
438 1370 502 1444 per
531 1370 632 1444 quern
663 1346 886 1442 designantur
910 1349 1043 1423 fructus
1069 1348 1238 1424 bonorum
1265 1371 1418 1447 operum.
1460 1350 1499 1421 ln

184 1452 323 1523 nomine
341 1470 399 1521 etc.
414 1469 446 1520 ut
462 1470 560 1540 supra.
1116 1481 1120 1485 ·
1181 1464 1189 1475 ’

287 1583 359 1643 Post
373 1581 447 1642 haec
460 1580 554 1640 induit
567 1578 727 1660 quemlibet
741 1581 857 1660 tunica,
873 1590 904 1642 et
921 1583 947 1643 si
968 1592 1078 1644 tantum
1091 1571 1176 1643 unica
1196 1583 1252 1662 sit,
1273 1582 1401 1644 immittit
1419 1582 1498 1645 illam

185 1683 307 1747 cuilibet
320 1683 414 1745 solum
431 1701 524 1762 usque
538 1681 573 1742 ad
587 1680 773 1761 scopulosae
786 1683 941 1744 retrahens
951 1695 1131 1766 postremum
1146 1685 1277 1746 totaliter
1290 1685 1384 1746 induit
1397 1685 1498 1747 dicens

185 1784 321 1849 cuilibet:
344 1775 474 1846 Tunica
500 1774 718 1845 iucunditatis
743 1783 777 1846 et
800 1777 997 1850 indumento
1023 1778 1174 1851 laetitiae
1195 1779 1312 1850 induat
1329 1786 1363 1850 te
1381 1776 1497 1851 Domi-

183 1900 258 1952 nus.
293 1877 333 1949 ln
350 1880 487 1950 nomine
507 1894 566 1947 ete.
585 1894 615 1946 ut
633 1879 722 1964 supra
730 1873 771 1974 1).

285 2009 394 2070 Postea
411 2008 519 2087 accipit
533 2016 563 2067 et
576 2006 665 2068 tradit
679 2007 813 2068 omnibus
828 2006 933 2070 librum
948 2006 1164 2091 Epistularum,
1186 2028 1272 2069 manu
1285 2008 1388 2072 dextra
1401 2011 1496 2091 ipsum

184 2111 270 2172 simul
292 2110 482 2189 tangentibus
503 2108 619 2170 dicens:
647 2099 806 2194 Accipite
831 2101 954 2173 librum
975 2102 1209 2198 Epistularum
1232 2111 1266 2172 et
1287 2101 1409 2176 habete
1432 2125 1494 2198 po-

183 2212 341 2276 testatem
360 2202 499 2293 legendi
518 2203 631 2275 essin
650 2202 799 2277 ecclesia
817 2215 935 2276 sancta
954 2205 1020 2277 Dei
1037 2216 1105 2278 tam
1122 2227 1186 2300 pro
1206 2206 1296 2278 vivis
1311 2228 1412 2302 quam
1429 2226 1495 2302 pro

184 2304 361 2378 defunctis.
397 2303 437 2377 ln
454 2307 591 2377 nomine
609 2322 666 2375 etc.
682 2321 713 2373 ut
730 2302 871 2395 supra2).

546 2494 605 2566 De
640 2492 921 2566 Ordinatione
953 2494 1134 2565 Diaconi.

287 2639 484 2701 Subdiacouis
514 2638 655 2720 ordinatis
683 2639 795 2716 legitur
818 2640 848 2699 in
870 2637 958 2699 blissa
984 2656 1039 2718 pro
1066 2640 1184 2700 ratione
1201 2637 1347 2718 temporis
1365 2634 1496 2712 Hymnus

184 2743 270 2803 trium
285 2761 456 2822 puerorum,
470 2741 520 2800 vel
535 2741 663 2802 Alleluia
679 2751 735 2803 eto.
764 2740 879 2803 Deinde
894 2732 991 2802 cantat
1006 2741 1037 2802 P.
1052 2740 1223 2803 Orationem
1239 2739 1349 2801 blissue
1361 2755 1417 2798 uua
1431 2754 1496 2797 cum

244 2968 275 3046 1)
287 2972 388 3029 'lucent
403 2972 580 3046 antiquissimi
594 2973 668 3045 libri,
680 2991 754 3046 quae
771 2974 799 3030 in
815 2973 924 3044 amictu,
941 2972 1030 3031 tunica
1052 2981 1082 3030 et
1098 2972 1236 3044 manipulo
1258 2971 1403 3028 induendis
1425 2989 1493 3027 nuuc

181 3058 319 3131 prestatur
336 3058 472 3118 Pontifex.
504 3057 626 3115 Poetilio.
643 3059 806 3130 Apamiense
825 3075 898 3116 saec.
910 3059 985 3116 Xll.:
1008 3058 1107 3114 tradat
1123 3057 1149 3113 el
1164 3057 1317 3129 Episcopus
1332 3057 1494 3128 manipulum
1566 3063 1570 3066 “

181 3149 210 3200 et
221 3143 348 3213 tunicum,
362 3142 385 3198 si
400 3149 522 3214 paratam
532 3143 655 3199 habuerit
670 3143 779 3200 diceus:
802 3145 837 3201 lu
852 3145 990 3199 nomine
1007 3150 1061 3200 eto.
1085 3142 1312 3211 tentitttogunt.
1325 3159 1397 3196 saec.
1408 3142 1493 3201 Xlll.:

180 3227 311 3282 Transeat
325 3243 375 3298 per
392 3226 531 3282 circuitum
548 3234 576 3282 et
593 3227 754 3299 manipulum
769 3228 803 3283 ud
823 3245 928 3284 manum
946 3227 1081 3284 sinistrum
1102 3226 1247 3283 cuiuslibet
1261 3226 1383 3297 imponat
1397 3225 1492 3280 dicens

180 3311 215 3366 ad
226 3311 371 3383 quemlibet
383 3310 535 3383 sigillatim:
552 3311 588 3366 lu
603 3313 741 3368 nomine
758 3321 811 3368 etc.
830 3311 963 3384 Accipe
980 3311 1199 3381 manipulum,
1215 3317 1244 3365 ut
1257 3325 1347 3379 supra.
1379 3308 1490 3363 Interim

179 3395 279 3451 oborus
291 3401 395 3451 cantet:
417 3397 538 3467 Regnum
546 3396 643 3453 muudi.
663 3393 1283 3469 l’osteudicutEpisoopus:investionsborum
1292 3392 1491 3463 manipulorum

178 3479 293 3537 mtnixe
307 3486 345 3549 te,
356 3480 481 3551 Domine,
496 3480 691 3553 deprecamur,
705 3488 735 3539 ut
749 3482 777 3538 bi
790 3482 882 3539 famuli
898 3480 937 3538 tui
954 3480 996 3536 sic
1013 3486 1162 3551 operentur
1178 3478 1206 3535 iu
1218 3477 1362 3549 tenporali
1373 3492 1491 3532 couver-

178 3563 300 3634 catone,
319 3571 451 3635 quatenus
467 3565 592 3638 exemplo
609 3567 716 3638 piorum
735 3567 842 3625 Petrum
856 3566 883 3622 iu
899 3567 990 3622 iuturo
1009 3572 1164 3621 mereantur
1185 3562 1342 3636 perenuiter
1358 3561 1490 3632 gaudere.

178 3649 241 3706 Per.
262 3649 321 3705 lloo
333 3650 407 3706 laeto
422 3651 519 3707 iterum
535 3650 682 3708 circumeat
693 3660 720 3708 et
735 3651 834 3709 subtile
846 3651 919 3707 collo
935 3649 1080 3707 cuiuslibet
1095 3649 1217 3721 imponat
1227 3647 1336 3704 means:
1351 3646 1448 3702 ludunt
1463 3653 1491 3701 te

176 3732 306 3790 Dominus
318 3735 480 3791 vestimento
494 3736 535 3792 sal
567 3735 572 3746 '
600 3743 628 3792 et
638 3736 794 3793 indumento
810 3736 929 3793 iustitiae
944 3733 1093 3791 circumdet
1108 3741 1136 3790 te
1151 3746 1261 3804 semper
1271 3731 1299 3786 in
1314 3726 1424 3786 nomine
1434 3731 1490 3785 llo-

174 3816 252 3879 nini.
283 3819 391 3875 luteres
408 3818 544 3876 choruse
580 3827 629 3877 tet.
672 3816 716 3899 Re.
735 3821 811 3878 Felix
824 3831 948 3893 namque.
980 3820 1095 3876 Ultimus
1113 3817 1346 3876 subdiaconorum
1365 3815 1490 3872 induetur

177 3901 280 3973 subtili,
295 3903 340 3975 qui
351 3911 448 3975 postea
460 3904 531 3975 legit
543 3902 703 3976 Epistulam.
1423 3920 1431 3938 s

239 4006 272 4080 2)
286 4006 414 4064 llinterim
431 4008 449 4068 l.
461 4025 485 4064 c.
507 4026 533 4083 p.
548 4011 615 4066 329:
641 4008 733 4065 Waun
755 4007 836 4063 ilrnen
852 4005 903 4064 der
921 4005 1039 4078 Aultrug
1054 4001 1272 4076 sugekomm'ou‚
1291 4001 1320 4056 in
1334 4000 1385 4056 der
1402 3999 1489 4056 llesse

176 4089 221 4148 dio
232 4090 338 4164 Epistcl
349 4109 382 4149 uu
396 4092 484 4165 lesen,
496 4094 569 4150 kann
580 4094 656 4150 uiolrt
668 4109 739 4164 gaus
752 4092 844 4149 sicher
854 4090 1042 4162 ausgsmittslt
1052 4086 1312 4149 nerdeu.--·-1u
1322 4084 1491 4140 Frankreicb

143 4205 146 4211 ·
175 4176 229 4233 und
243 4177 361 4250 Spuuien
372 4193 432 4234 war
444 4178 536 4237 dieser
550 4177 693 4237 Gebraueb
708 4177 794 4234 sehon
809 4175 882 4233 beim
895 4169 1024 4247 Aniange
1037 4176 1087 4233 des
1097 4175 1163 4232 9tcu
1172 4173 1263 4233 lnhrb.
1275 4169 1420 4241 allgemein
1432 4169 1491 4224 eiu·

175 4260 295 4332 geithrt,
310 4264 431 4321 welches
441 4263 511 4320 auolr
523 4280 579 4321 vou
592 4260 776 4320 D'outsohland
786 4260 939 4318 Amalarius
949 4262 1069 4332 beneugt
1080 4253 1138 4336 (lle=
1149 4256 1223 4314 oilie.
1240 4257 1297 4315 diu.
1308 4257 1331 4326 l,
1347 4257 1388 4308 ll.
1406 4253 1491 4310 lliror

176 4361 228 4418 qua
242 4344 278 4400 de
289 4356 453 4422 resumptus
464 4366 528 4406 usus
541 4348 570 4405 in
585 4345 702 4404 eeclesia
713 4353 817 4417 nostra,
825 4353 856 4403 ut
870 4338 1056 4405 subdiaconus
1067 4343 1286 4417 incunentlssime
1299 4342 1377 4412 leget
1389 4338 1490 4395 lectio·

175 4444 236 4486 nem
256 4431 291 4487 ud
305 4431 429 4505 liliosam,
444 4449 504 4490 cum
525 4435 579 4489 hoe
600 4446 654 4488 non
678 4431 832 4503 reperiatur
850 4431 879 4487 in
899 4431 1050 4489 ministerio
1070 4430 1123 4487 sibi
1142 4429 1208 4485 dato
1231 4427 1259 4484 iu
1281 4422 1490 4482 consecratione

176 4515 365 4590 commissum,
386 4534 476 4590 neque
489 4535 524 4574 ex
539 4518 639 4574 litteris
656 4515 796 4574 canonicis
810 4531 899 4588 usque
913 4532 949 4573 ex
962 4515 1071 4572 nomine
1086 4511 1160 4588 suo).
1175 4541 1219 4552 -—
1233 4514 1320 4568 ilecto
1335 4516 1428 4567 monet
1440 4507 1490 4565 bli-

176 4600 308 4672 crotopus
326 4619 349 4658 c.
367 4601 395 4673 8,
411 4603 464 4659 hoc
479 4618 534 4660 uon
549 4619 584 4687 ex
603 4616 698 4659 eorum
712 4601 929 4672 consecratione,
941 4600 990 4658 sed
1006 4601 1099 4674 potius
1113 4612 1149 4663 en
1167 4596 1491 4656 ecclesiasticaeonsen-
