3202 5176
815 335 911 408 ’374

302 534 536 598 Archidiaconus
550 529 633 608 legat
644 531 799 611 sequentia
812 529 871 592 dno
885 529 1006 591 decreta
1015 527 1196 590 sacrosancti
1206 525 1520 590 Gonmld'l'rfdeutiul:

201 625 342 723 Siquam
350 618 793 719 clericorum,(Sess.XXll.
802 645 830 695 c.
843 623 961 720 ll)et:
974 619 1053 693 Non
1061 616 1399 715 suntferendi(Sess.
1408 617 1517 697 XXV.
1564 704 1567 709 ,

200 754 230 803 c.
247 729 321 826 12).
348 739 456 801 Postea
469 735 608 797 Pontifex
623 734 659 797 ad
673 735 858 797 fundatorem
874 734 966 797 dieat:
983 722 1094 813 Sciam
1107 722 1214 795 frater
1228 725 1421 812 carissime,
1435 745 1520 818 quo·

175 859 178 864 ·
200 835 291 904 niam
311 852 383 902 non
401 830 597 926 permittunt
610 833 684 900 iura
697 827 874 901 Ecclesiae
890 830 964 900 sine
978 827 1141 900 ministris
1154 847 1195 896 ac
1209 824 1518 899 doteconseraari.

202 930 496 1018 Quemadmodum
509 933 599 1003 anim
613 931 676 1002 dos
689 932 939 1005 matrimonium
953 931 1174 1022 consequitur
1186 928 1237 1001 sic
1250 936 1285 997 et
1296 926 1341 999 ad
1351 936 1520 1003 metente·

199 1038 329 1107 tionem
342 1036 572 1107 ministrorum
585 1031 767 1105 facultates
778 1033 999 1107 necessariae
1010 1039 1097 1104 suut.
1113 1028 1519 1128 Enitaqueratione,fra·

199 1147 253 1210 ter
267 1137 548 1225 carissime,scire
561 1135 736 1224 volumus,
746 1132 1046 1229 quotSacerdotes
1060 1140 1095 1203 et
1107 1132 1255 1205 clericos
1270 1140 1304 1203 et
1319 1131 1519 1226 qualemcis

200 1239 369 1313 honorem
382 1241 436 1311 vis
450 1237 616 1335 exhihere
632 1246 666 1308 et
680 1236 724 1308 de
739 1258 807 1330 quo
821 1235 1014 1310 Ecclesiam
1028 1233 1149 1306 dotare
1160 1235 1337 1330 proponis.
1359 1231 1406 1306 ln
1418 1243 1457 1305 ut
1469 1236 1518 1305 in·
1573 1326 1577 1331 ,

199 1341 350 1432 telligas,
370 1339 504 1433 qualem
518 1338 579 1411 tihi
595 1348 697 1432 atque
711 1337 916 1411 haeredibus
931 1339 998 1411 tuis
1014 1337 1181 1409 honorem
1195 1346 1230 1408 et
1242 1335 1518 1411 commoditatem

200 1442 342 1514 exhibet
361 1439 533 1529 Ecclesia,
553 1442 666 1529 scias,
678 1450 715 1511 ut
736 1440 975 1533 gratitudinem
996 1443 1102 1534 ipsam
1125 1439 1170 1510 ad
1185 1437 1389 1512 fundatores
1405 1447 1517 1512 osten-

201 1543 271 1633 dat,
294 1542 388 1637 quod
408 1565 428 1613 a
450 1546 577 1616 sanctis
597 1542 755 1615 Patribus
780 1552 941 1617 statutum
966 1552 1038 1631 est,
1059 1545 1094 1612 in
1118 1541 1186 1613 diei
1210 1540 1437 1613 dedicationis
1461 1561 1517 1611 an-
1582 1546 1587 1554 '

200 1647 393 1718 adversario
414 1644 561 1718 solemni
581 1642 782 1718 fundatores
803 1655 975 1717 eteorum
995 1643 1163 1717 haeredes
1184 1646 1218 1714 in
1237 1642 1518 1738 processionibus

198 1750 329 1844 primos
351 1767 430 1820 esse
450 1745 593 1835 dehere,
615 1755 649 1817 ct
670 1748 701 1820 si
719 1769 803 1821 casu
824 1747 868 1818 ad
888 1756 1077 1839 egestatem
1092 1747 1327 1841 pervenerint,
1347 1753 1518 1837 gratare

200 1848 400 1921 cordatione
422 1846 583 1921 Ecclesia
606 1847 798 1923 fundatoris
822 1853 913 1945 piam
940 1848 1177 1921 liberalitatem
1194 1849 1428 1939 recognoscit.
1462 1856 1517 1932 Qut

199 1958 444 2037 adinterrogata,
458 1961 617 2040 proutsihi
632 1959 787 2040 placuerit,
804 1958 978 2041 respondet,
993 1960 1030 2021 de
1045 1978 1106 2040 quo
1118 1960 1170 2021 dat
1181 1959 1331 2039 publicum
1344 1959 1519 2019 instrumen-

199 2071 279 2139 tum,
293 2063 319 2121 si
333 2079 472 2121 uumerus
486 2061 672 2139 clericorum,
687 2060 783 2123 honor
797 2071 827 2123 et
840 2063 895 2125 dos
908 2063 1060 2123 sufficiens
1073 2063 1173 2124 fuerit.
1200 2061 1283 2122 'lunc
1299 2059 1443 2122 fundator
1455 2063 1518 2142 ipse

201 2172 232 2224 et
240 2162 332 2243 'plebs
345 2163 523 2243 profitentur
534 2181 569 2223 se
583 2164 662 2224 iussa
677 2163 827 2224 Pontificis
847 2164 1032 2244 impleturos.
1058 2164 1173 2226 Deinde
1181 2162 1417 2225 Pontifexinhet
1426 2162 1517 2224 Deum

88 2346 92 2357 ,
196 2254 355 2345 ¹deprecari
375 2281 431 2344 pro
452 2282 505 2342 eo,
528 2265 577 2345 qui
591 2262 756 2331 Ecclesiam
769 2262 937 2335 construxit
949 2276 980 2327 et
994 2267 1106 2329 dotauit
1119 2276 1150 2329 et
1162 2285 1218 2347 pro
1232 2283 1287 2343 oo,
1307 2267 1358 2345 qui
1373 2283 1437 2327 eam
1451 2284 1516 2327 con·

198 2366 310 2428 morari
329 2367 417 2446 petiit
430 2375 461 2427 et
474 2366 637 2443 concedat,
657 2367 717 2429 illis
730 2377 842 2448 partem
855 2369 1036 2436 iuomuihus
1051 2368 1158 2446 bouis,
1169 2380 1255 2450 {qnae
1268 2367 1310 2429 ibi
1324 2367 1391 2431 lieri
1404 2368 1517 2429 contin·

199 2477 263 2548 get.
307 2468 373 2543 Quo
395 2467 495 2547 facto,
516 2469 661 2532 Pontihce
674 2472 719 2530 siu
732 2470 873 2548 sedente,
894 2480 1050 2551 numquam
1064 2473 1129 2552 quis
1142 2470 1305 2533 Ecclesiam
1321 2469 1516 2556 ingrediatur,

198 2569 301 2633 schola
316 2579 414 2633 cantat
430 2570 680 2652 Responsorium:
701 2561 776 2634 Erit
798 2564 879 2635 mihi
896 2564 1063 2639 Dominus
1079 2567 1115 2635 in
1132 2565 1257 2652 Deum,
1278 2572 1314 2634 et
1333 2562 1422 2658 lapis
1440 2566 1516 2649 istc,

199 2685 301 2758 quem
327 2665 428 2735 erexi
448 2667 483 2735 in
508 2665 655 2753 titulum,
682 2675 716 2744 et
741 2665 923 2738 vocabitur
947 2666 1069 2740 domus
1096 2666 1175 2757 Dei,
1198 2676 1234 2737 et
1260 2665 1307 2737 de
1330 2667 1515 2752 universis,

199 2786 287 2859 qnae
309 2764 446 2840 dederis
471 2766 572 2856 mihi,
602 2767 753 2847 decimas
774 2768 955 2844 ethostias
976 2767 1159 2864 pacificas,
1186 2768 1329 2840 oderam
1356 2766 1426 2840 tihi.
1475 2771 1513 2858 lt.

198 2864 238 2938 Si
256 2888 422 2945 reversus
439 2867 540 2940 fuero
563 2867 606 2939 ad
627 2868 765 2941 domum
784 2873 891 2966 patris
910 2873 990 2960 mei,
1010 2870 1180 2944 Docimus.
1219 2879 1291 2941 tan
1306 2878 1449 2941 Pontifex
1468 2877 1515 2941 de·

199 2978 296 3057 posita
310 2977 407 3046 mitra,
421 2979 517 3055 surgit
532 2987 562 3039 et
575 2976 731 3041 versus'ad
744 2982 851 3043 ostirmr
865 2980 1020 3047 Ecclesiae
1034 2982 1144 3045 ibidem
1157 2990 1256 3060 stans,
1274 2981 1361 3043 dicit:

212 3144 216 3153 ,
302 3069 447 3142 Oreum.
486 3079 525 3153 itt
550 3080 691 3141 ministri:
719 3071 916 3149 Flectamus
939 3095 1061 3167 genua.
1108 3079 1151 3166 lb.
1179 3073 1319 3148 Levate.
1368 3073 1514 3146 Domum

197 3181 290 3257 tuam
310 3193 516 3265 quaesumus
543 3171 689 3247 Domine
709 3174 898 3252 clementer
923 3177 1108 3268 ingredere
1130 3188 1165 3249 et
1186 3180 1223 3248 iu
1243 3188 1381 3249 tuorum
1405 3175 1515 3249 cordi·

115 3306 117 3311 ·
197 3272 262 3344 hus
283 3271 432 3344 hdehum
453 3285 653 3370 perpetuam
674 3275 735 3351 tihi
755 3288 919 3350 construe
939 3281 1164 3369 mansionem,
1181 3290 1215 3352 et
1233 3288 1383 3377 praesta,
1401 3287 1438 3348 ut
1454 3276 1513 3347 do

196 3394 272 3445 mus
292 3372 391 3464 haec,
414 3398 503 3469 quae
525 3386 583 3449 tua
605 3376 758 3452 subsistit
778 3379 992 3452 dedicatione
1018 3381 1195 3472 solemnis,
1221 3393 1280 3454 tua
1306 3378 1363 3452 liat
1386 3378 1513 3450 hahita

196 3476 291 3553 tione
318 3475 480 3550 sublimis.
520 3478 589 3551 Per
610 3479 710 3552 Dom.
750 3485 792 3572 Pp.
819 3479 990 3580 Amentl)
1173 3498 1176 3506 ·

203 3652 217 3661 ..
235 3628 261 3659 :--
300 3585 517 3672 Quaeraticue
528 3591 607 3651 linita
621 3594 790 3672 priusquam
803 3593 997 3674 ingrediatur,
1011 3595 1132 3674 intingit
1147 3596 1288 3676 pollicem
1301 3594 1446 3658 dentem
1458 3608 1513 3653 ure

197 3705 253 3764 uus
275 3688 306 3761 in
325 3698 457 3751 sanctam
472 3690 605 3755 chrisma
625 3704 656 3756 et
678 3713 744 3757 curu
760 3710 797 3757 eo
811 3696 841 3757 in
855 3696 970 3759 modum
985 3700 1102 3776 erucis,
1126 3699 1226 3777 signat
1239 3699 1348 3759 ostium
1361 3694 1514 3779 Ecclesiae

197 3790 469 3858 arteriardr'ncus:
496 3783 547 3854 ln.
560 3791 698 3858 nomine
721 3787 878 3882 Pa†tris
900 3800 935 3861 et
953 3789 1080 3880 Fi†lii
1103 3801 1139 3862 et
1164 3790 1311 3886 Spiritus
1332 3786 1362 3880 †
1384 3785 1513 3874 Sancti,

195 3891 295 3977 porta
317 3885 366 3957 sis
385 3883 580 3978 benedicta,
601 3883 821 3978 sanctificata,
849 3901 1065 3980 consecrata,
1088 3897 1288 3986 consignata
1311 3902 1346 3963 et
1363 3889 1512 3961 Domino

196 3982 273 4055 Deo
307 3987 560 4077 commendata3
589 4001 688 4086 porta
720 3994 766 4064 sis
798 3994 955 4068 introitus
988 3993 1108 4069 salutis
1135 4004 1170 4067 et
1190 3984 1317 4089 pacis,
1339 4001 1442 4087 porta
1468 3993 1513 4065 sis

196 4088 319 4158 ostium
340 4087 532 4181 pacificum,
558 4114 622 4188 per
644 4115 734 4182 cum,
762 4096 818 4188 qni
841 4116 880 4167 se
907 4098 1030 4168 ostium
1057 4098 1256 4192 appellavit,
1279 4095 1395 4168 lesum
1418 4091 1512 4167 Chri-

195 4196 284 4259 stum
303 4188 486 4263 Domiunm
507 4203 674 4285 nostrum,
698 4197 764 4291 qui.
810 4200 853 4287 Pp.
877 4194 1046 4294 Ameu.²)

267 4418 353 4517 1)¹1tt.
368 4445 644 4507 tibicoustitue.
675 4451 847 4511 ildctua.
877 4453 1151 4512 ill..aaausiooem
1171 4450 1513 4511 utcninsaedificr-

194 4525 1172 4611 tionesuhsistithuiusfiethabitatiooepraeclara·

253 4608 296 4686 2)
311 4613 370 4671 Non
384 4618 646 4677 exrtstforrnulaiu
662 4620 740 4677 libris
754 4622 876 4680 vetustis.
918 4633 922 4637 ’
960 4632 964 4641 ’
1003 4676 1006 4681 ,
1090 4668 1093 4673 .
