3202 5176
791 285 842 355 94

357 451 591 529 ROMANUS.
983 450 1337 528 amramitas.-

181 580 320 656 nam
337 581 479 651 matera
496 577 637 670 peratttt
651 575 719 651 cibi
732 599 790 670 pa

163 691 233 757 clue
243 685 334 754 elata
345 703 465 776 pamm
476 702 556 750 acce
567 680 696 752 asnaa:

212 781 370 857 XXVlll.
405 780 512 853 Nobis
543 803 683 876 quoquc
708 803 790 879 pcc·
890 774 1000 851 Nobis
1045 799 1184 872 quoque
1232 777 1483 875 peccatoribus

161 885 337 966 caloribus
354 884 489 958 famulis
507 885 588 972 tuis,
611 884 655 955 da
676 885 789 955 multi·
840 879 976 951 famulis
997 878 1078 970 luis,
1106 879 1151 950 dc
1169 880 1394 955 multitudino
1419 882 1481 957 mi-

159 988 275 1060 tudine
294 989 550 1059 miserationum
563 994 697 1057 tuarum
711 1008 789 1082 spe-
841 984 1051 1054 serationum
1083 992 1217 1057 tuarum
1255 981 1479 1078 sperantibus

159 1089 312 1161 rantibus
325 1098 455 1183 partem
468 1088 616 1181 aliquam
628 1098 663 1158 et
677 1091 788 1161 socio·
840 1092 972 1178 partem
987 1084 1133 1177 aliquam
1147 1093 1182 1155 ot
1194 1086 1403 1156 societatem
1419 1085 1475 1158 do·

158 1199 264 1262 tatem
287 1190 417 1260 donaro
435 1189 587 1280 digneris
614 1211 690 1258 cum
721 1193 788 1262 tuis
841 1206 925 1255 aare
959 1184 1111 1277 digneris
1141 1207 1218 1256 cum
1248 1189 1316 1260 tuis
1345 1189 1477 1260 sanctis

160 1289 298 1378 Sanctis
311 1291 491 1385 Apostolis
514 1287 810 1384 ctMartyribus:¹
840 1286 1021 1381 Apostolis
1056 1297 1091 1359 et
1124 1285 1362 1382 Martyribus=
1399 1311 1476 1360 cum

160 1416 239 1464 cum
259 1391 401 1480 Ioanne„
421 1390 609 1485 Stephanoa
635 1390 787 1482 Matthia,
840 1387 982 1475 Ioanne,
997 1385 1171 1483 Stephano
1186 1398 1225 1460 et·
1233 1389 1393 1480 Aminea,
1411 1391 1473 1462 Pe-

19 1575 25 1595 ‘
161 1493 343 1583 Barnaba‚
378 1492 538 1585 Ignatio,
570 1492 788 1581 Alexandro,
839 1498 908 1577 tro,
928 1488 1145 1578 Marcellino,
1172 1490 1325 1583 Agame,
1352 1489 1475 1564 Caeci·

160 1594 389 1684 Marcellino,
429 1595 558 1683 Petroq
596 1594 786 1683 Felicitate
840 1591 905 1679 lia,
932 1591 1129 1680 Felicitate,
1156 1593 1350 1687 Perpetua,
1378 1594 1474 1666 Ana-

159 1698 359 1791 Perpetua,
385 1696 548 1788 Agatha,
575 1695 706 1786 lucia,
735 1698 785 1768 A·
840 1695 963 1780 stasia,
990 1692 1147 1785 Agatha,
1174 1693 1379 1789 Euphemia‚
1408 1697 1473 1768 Lu-

54 1876 60 1883 ,
159 1809 288 1892 gaeta,
322 1796 498 1886 Caecilia,
528 1797 713 1872 Anastasia
752 1809 787 1869 et
841 1797 907 1882 cia,
928 1794 1134 1891 Apolloniaq
1155 1795 1300 1885 lustina,
1329 1795 1472 1888 Sabina,

159 1900 315 1973 omnibus
341 1897 496 1973 Sanctis:
526 1901 613 1970 iutra
642 1923 787 1995 quorum
841 1895 1137 1989 TheclaPelagia
1157 1907 1258 1991 atquc
1274 1896 1473 1990 catharina,

158 2023 223 2074 uos
248 2005 458 2074 consortium
486 2022 556 2072 non
591 2005 788 2074 aestimator
841 2008 876 2068 et
904 1999 1059 2070 omnihus
1082 1996 1236 2072 Sanctis:
1266 2003 1357 2071 iutra
1387 2025 1472 2098 quo

159 2101 296 2192 meriti,
331 2101 392 2175 scd
423 2103 548 2172 veniae
581 2124 787 2195 quaesumus
840 2121 916 2170 rum
939 2120 1004 2172 nos
1031 2104 1240 2174 consortium
1266 2124 1340 2173 non
1370 2109 1474 2178 aesti-

159 2205 305 2296 largitor
333 2203 479 2275 admitte.
532 2205 642 2297 Iaapit
659 2229 784 2277 mamm.
839 2210 950 2273 mator
973 2205 1105 2291 meriti,
1138 2203 1201 2276 sed
1218 2207 1346 2275 veniae
1367 2229 1472 2301 quae·
1528 2208 1530 2219 '

159 2306 228 2377 Per
241 2303 410 2379 Christum
428 2306 611 2378 Dominum
623 2316 785 2381 nostrum.
839 2325 955 2376 sumus
969 2303 1113 2395 largitor
1127 2304 1273 2376 admitto.
1293 2305 1472 2381 PerChri·

182 2411 187 2420 '
730 2432 734 2439 ·
839 2414 927 2476 stum
948 2405 1130 2477 Dominum
1155 2416 1318 2481 nostrum.

208 2913 336 2986 XXIX.
364 2916 432 2987 Per
446 2938 547 3009 quem
561 2916 648 2987 haec
670 2921 783 2989 omnia
887 2922 954 2994 Per
968 2944 1069 3017 quem
1083 2924 1170 2993 haec
1189 2926 1300 2995 omnia
1316 2924 1471 2999 Domine

156 3010 304 3088 D'omiue
332 3040 470 3113 semper
497 3018 587 3089 bona
611 3040 709 3091 creas
727 3022 784 3093 st·
836 3046 972 3119 semper
997 3025 1087 3095 bona
1115 3048 1226 3114 creas,
1256 3027 1469 3125 sarmaticus,

154 3130 284 3215 poetar
304 3146 405 3215 mper
423 3121 575 3192 Hostiam
591 3131 624 3193 el
639 3122 784 3194 Calicem
834 3126 1009 3216 vivificas,
1033 3127 1208 3200 benedicis
1241 3139 1275 3199 et
1305 3141 1470 3224 praestas

155 3224 253 3295 amal
264 3221 643 3316 dicemsancti†licas‚
664 3224 782 3317 vivit
833 3229 933 3301 nobis
955 3251 1018 3324 per
1040 3232 1150 3326 ipsum
1175 3240 1209 3300 et
1231 3253 1306 3300 cum
1330 3234 1413 3327 ipso
1435 3243 1469 3305 et

155 3323 258 3413 ficas,
284 3324 374 3394 bene
393 3325 426 3418 l
446 3324 529 3398 dicis
561 3335 595 3397 et
626 3337 781 3420 praestas
833 3334 965 3425 inipso
988 3331 1121 3403 esttibi
1144 3332 1220 3404 Deo
1241 3333 1334 3403 Patri
1357 3339 1469 3406 omni-
1508 3383 1512 3393 -

155 3425 254 3498 uobis
287 3427 498 3522 Diacoaperit
533 3429 694 3520 Calicem,
724 3454 781 3522 qe
832 3435 964 3528 potenti
990 3436 1025 3502 iu
1055 3437 1182 3504 unitate
1212 3431 1359 3529 Spiritus
1388 3458 1469 3509 san·

154 3534 295 3622 maslectit
307 3584 318 3622 ,
351 3534 486 3624 accipit
530 3533 782 3604 Sacramentum
834 3537 878 3607 cti
905 3538 1014 3606 omnis
1037 3535 1148 3607 honor
1175 3545 1209 3606 et
1236 3536 1358 3627 gloria.

154 3632 294 3723 dextra,
321 3642 432 3704 temam
452 3636 590 3704 mulctra
616 3636 781 3707 Calicem:
882 3639 1023 3731 Fraapil
1033 3638 1184 3710 Hostiam
1195 3639 1350 3710 dicullo:
1378 3636 1469 3712 Cor-

153 3737 265 3826 aiqaat
294 3758 366 3805 mam
395 3736 517 3805 Hostia
548 3746 600 3807 ter
630 3763 654 3808 a
681 3737 781 3808 labiia
831 3761 896 3833 pus
919 3748 1011 3810 tuum
1039 3739 1208 3832 frangitur
1228 3737 1386 3830 Christe,
1411 3766 1469 3815 ca-

153 3837 200 3906 ad
227 3835 349 3923 labium
383 3838 507 3908 Calicis
537 3840 672 3910 dicem:
711 3840 779 3911 Per
832 3842 882 3911 lix
915 3841 1138 3927 benedicitur.
1193 3839 1348 3933 Sanguis.
1384 3853 1469 3935 tuus

137 3940 185 4032 ‚ip
199 3936 231 4029 †
246 3960 320 4010 sum
347 3948 381 4009 et
410 3961 486 4009 cum
512 3941 645 4035 ip†s0
683 3951 717 4013 et
744 3944 780 4012 in
832 3945 876 4015 sit
896 3942 995 4015 nohis
1016 3965 1153 4037 semper
1170 3943 1213 4014 ad
1235 3947 1341 4014 vitam
1365 3956 1406 4018 et
1425 3947 1470 4019 ad

151 4039 283 4134 ip†so
309 4040 360 4111 lia
385 4045 498 4135 ripam
523 4047 609 4115 ieter
635 4045 779 4116 Calicem
831 4045 1015 4118 salvandas
1042 4049 1200 4123 animas..
1226 4047 1272 4118 Et
1290 4053 1471 4140 particula

150 4153 183 4214 et
206 4153 318 4237 pectas
344 4153 397 4215 est
428 4144 488 4214 tibi
524 4145 600 4217 Deo
634 4144 778 4238 Patri†
830 4151 865 4219 ia
895 4148 1038 4220 Calicem
1066 4153 1169 4219 micea
1199 4150 1279 4221 dicit
1300 4150 1470 4247 Aratiplto

152 4247 374 4338 omnipotenti
404 4248 438 4316 iu
471 4251 600 4318 unitate
619 4247 651 4340 †
672 4244 779 4342 Spiri—
829 4275 908 4321 aam
929 4252 1048 4346 Officia
1067 4254 1135 4323 diei
1158 4274 1348 4345 compellam,
1378 4279 1472 4350 qaae

108 4394 114 4401 -
150 4354 205 4418 tus
241 4351 349 4432 sancti
387 4352 522 4420 elecem
552 4373 672 4442 pamm
714 4350 779 4427 Ca
831 4357 1018 4449 appellatur
1041 4350 1413 4430 Gouiraotorium.

150 4449 245 4521 licem
263 4473 334 4520 cam
351 4451 473 4525 Hostia
493 4454 572 4523 dicit
589 4452 698 4524 omnis
717 4450 778 4523 ho·

149 4571 215 4623 nor
237 4543 415 4644 ct'gloria.
464 4555 608 4649 &ponit
626 4554 778 4629 Hostiam
