3202 5176
800 324 902 460 'naso

210 525 352 629 spiritalis
376 544 520 608 medendo
543 545 736 625 nequitiarum
760 543 945 625 putredinem
960 544 1084 608 interius
1099 519 1309 620 latitantemslt
1343 543 1533 605 Ettunc'im·

209 652 312 731 primis
327 650 435 710 iaciant
448 647 628 709 Sacerdotes
642 649 762 728 aspergi
777 645 867 706 salem
882 655 912 706 et
926 665 1030 726 aquam
1043 646 1228 708 benedictam
1243 656 1273 707 et
1286 655 1451 727 aspergant
1466 665 1533 708 sum

89 750 94 757 ‘
209 768 274 813 cnm
289 752 473 831 Antiphona:
491 749 644 831 Aspergas
658 769 704 808 me
718 749 855 824 Domine,
872 747 1015 809 Miserere
1030 751 1086 808 mei
1102 750 1192 809 Deus.
1203 737 1237 836 2)

288 880 291 887 =
311 844 457 914 Domine
478 842 587 931 Deus,
610 845 666 935 qui
686 862 748 936 per
763 839 971 934 Apostolum
990 852 1084 912 tuum
1102 842 1237 914 locutus
1255 863 1314 913 es:
1337 839 1533 913 lufirmatur

210 949 284 1041 quis
312 949 346 1015 in
366 944 495 1016 vobis?
537 943 680 1014 lnducat
701 941 926 1038 presbyteros
950 943 1122 1016 ecclesiae
1145 953 1179 1015 ει
1201 953 1300 1015 orent
1323 967 1430 1039 super
1451 966 1531 1038 eum

207 1058 377 1140 ungentes
399 1069 476 1116 enm
500 1046 578 1118 oleo
603 1055 720 1118 sancto
742 1047 776 1115 in
794 1047 931 1114 nomine
949 1045 1106 1117 Domini:
1130 1057 1163 1117 et
1183 1049 1292 1117 oratio
1314 1046 1394 1116 fidei
1413 1047 1531 1119 salva-

206 1148 256 1222 bit
278 1149 446 1220 inlirmum
469 1158 502 1218 et
522 1147 685 1218 allevabit
713 1168 788 1217 eum
810 1147 977 1219 Dominus
1003 1158 1037 1218 et
1060 1152 1089 1221 si
1111 1151 1145 1218 in
1171 1153 1323 1245 peccatis
1344 1157 1396 1220 est
1420 1148 1530 1220 dimit—

204 1261 319 1325 tentur
343 1253 385 1321 ei.
431 1249 522 1320 Cura
544 1270 751 1343 quaesumus
772 1246 984 1344 Redemptor
1003 1260 1124 1324 noster
1145 1255 1253 1343 gratia
1274 1251 1422 1347 Spiritus
1443 1249 1529 1321 San-

172 1346 175 1350 ’
207 1357 253 1426 cti
285 1346 477 1444 languores
506 1354 605 1424 istius
637 1350 759 1421 infirmi
792 1360 826 1421 et
859 1374 921 1423 sua
948 1373 1031 1424 sana
1057 1353 1203 1424 vulnera
1225 1355 1369 1447 eiusque
1397 1352 1527 1424 dimitte

206 1465 348 1551 peccata
372 1464 474 1547 atque
502 1453 641 1525 dolores
669 1463 811 1526 cunctos
835 1454 950 1525 cordis
978 1464 1011 1525 et
1034 1458 1191 1549 corporis
1215 1456 1354 1550 expelle
1373 1456 1527 1550 plenam-

36 1553 39 1561 ’
138 1642 141 1646 Α
205 1580 273 1652 que
296 1559 329 1626 ei
354 1559 497 1630 interius
519 1558 741 1649 exteriusque
765 1557 941 1629 sanitatem
963 1557 1233 1630 misericorditer
1259 1556 1367 1628 redde
1393 1566 1432 1627 ut
1459 1579 1538 1652 ope.

203 1657 463 1734 misericordiae
490 1668 570 1728 tuac
597 1660 775 1729 restitutus
805 1667 848 1746 et
872 1669 1011 1731 sanatus
1043 1659 1086 1729 ad
1112 1654 1256 1752 pristina
1282 1662 1419 1754 pietatis
1446 1669 1525 1730 tuae

203 1757 383 1857 reparetur
407 1758 529 1830 officia.
575 1758 651 1829 Per.
660 1756 693 1855 ³)
1402 1844 1409 1858 ὓ

114 1937 117 1941 ,
305 1870 342 1932 Ει
359 1871 403 1932 sic
418 1869 517 1932 flectat
530 1888 628 1948 genna
642 1889 694 1931 sua
713 1871 762 1950 qui
778 1879 824 1932 est
838 1870 993 1948 languidus
1010 1881 1039 1932 ct
1054 1881 1112 1932 stet
1130 1870 1166 1933 ad
1184 1871 1336 1934 dexteram
1351 1872 1524 1935 Sacerdotis

135 2009 138 2015 -
205 1983 236 2037 et
262 1982 397 2059 cantetur
417 1973 490 2034 haec
510 1972 697 2052 Antiquom:
725 1960 816 2036 Sana
837 1962 984 2036 Domine
1008 1964 1294 2039 infirmum‘istum
1317 1968 1415 2039 cuius
1444 1988 1523 2040 ossa

202 2065 405 2139 conturbata
427 2074 505 2139 sunt
526 2086 583 2136 etc.
624 2065 772 2137 Domine
793 2086 838 2135 ne
858 2069 893 2137 in
915 2067 1033 2139 furore
1053 2078 1113 2139 tuo
1135 2088 1262 2161 arguas
1284 2091 1340 2139 me
1361 2065 1472 2165 etc4)

307 2167 453 2240 Orcmns
472 2167 654 2239 Dominum
674 2177 829 2240 nostrum
849 2167 962 2240 lesum
985 2169 1155 2241 Christum
1177 2182 1211 2242 et
1232 2193 1309 2242 cum
1332 2174 1426 2241 omni
1444 2194 1522 2267 sup·

201 2270 387 2367 plicatione
409 2291 574 2362 rogemus
601 2279 638 2340 ut
658 2269 933 2342 hunciamulum
956 2294 1055 2345 snum
1080 2271 1132 2344 lll.
1157 2295 1221 2367 per
1245 2272 1423 2366 Angelum
1444 2295 1522 2349 san·
1566 2284 1569 2289 ’

202 2383 292 2444 ειιιιιι
319 2395 416 2466 suum
444 2375 597 2462 uisitare,
624 2370 811 2443 laetificare
839 2382 872 2443 et
895 2373 1093 2445 confortare
1117 2374 1284 2467 dignetur.
1294 2374 1328 2471 ⁶)

305 2475 472 2548 Dominus
493 2475 629 2548 locutus
657 2486 709 2549 cst
731 2474 975 2571 condiscipulis
999 2479 1089 2550 suis:
1115 2474 1155 2547 In
1176 2481 1314 2548 nomine
1336 2499 1416 2549 meo
1441 2479 1520 2550 dae-

199 2580 313 2649 monia
348 2581 460 2649 eiicite
489 2589 523 2649 et
556 2599 660 2672 super
690 2577 842 2649 infirmus
868 2600 989 2650 manus
1013 2589 1150 2653 vestras
1176 2583 1338 2676 imponite
1364 2591 1400 2652 et
1430 2581 1518 2653 bene

200 2679 382 2753 habebunt.
431 2681 526 2753 Deus
553 2680 706 2752 Deorum
736 2689 891 2769 Imponant
916 2708 1018 2750 manus
1044 2709 1136 2771 super
1161 2690 1309 2752 lnlirrnnm
1338 2697 1443 2755 omnes
1472 2711 1518 2754 sa·

201 2790 365 2870 cerdotes,
401 2791 523 2852 iubente
555 2791 604 2851 vel
637 2800 747 2852 tantum
784 2793 976 2871 permittente
1006 2791 1156 2874 Episcopo
1192 2797 1258 2873 quia
1286 2797 1448 2857 canonicus
1475 2797 1518 2856 sic

201 2890 289 2955 docet
316 2880 442 2980 artos)
490 2883 586 2956 Deus
624 2887 780 2979 quinon
816 2886 870 2958 vis
905 2893 1051 2956 mortem
1077 2898 1298 2982 peccaturum
1327 2898 1406 2990 cto.¹
1444 2888 1518 2960 An-

201 3045 413 3058 ..u—u——q

261 3100 292 3183 1)
307 3107 365 3163 list.
377 3105 455 3162 Dicat
469 3103 606 3162 Sacerdos
621 3103 657 3159 ad
668 3104 816 3160 lniirmum:
838 3104 907 3171 Quid
919 3123 961 3160 me
976 3107 1116 3163 advocasti
1134 3106 1243 3164 irater?
1272 3106 1324 3166 llle
1341 3108 1393 3167 ait:
1409 3117 1439 3166 ut
1453 3110 1517 3167 mibi

200 3190 356 3248 unctionem
373 3191 474 3248 tradas.
502 3189 573 3245 Dicit
588 3189 726 3245 Sacerdos
737 3189 771 3244 ad
787 3207 861 3245 eum:
883 3187 973 3248 Donet
988 3193 1036 3248 tibi
1049 3193 1180 3254 Dominus
1195 3200 1288 3250 noster
1302 3191 1378 3252 lesus
1392 3195 1517 3252 Christus

198 3292 293 3332 veram
309 3276 469 3346 facilemque
490 3275 660 3330 unctionem:
684 3283 773 3330 tamen
785 3273 808 3330 si
821 3281 848 3329 te
859 3277 1013 3348 respexerit
1025 3285 1052 3333 et
1064 3277 1202 3334 sanaverii
1214 3280 1314 3350 Dens‚'
1326 3279 1464 3336 custodias
1479 3279 1515 3334 il-

197 3357 277 3416 iam?
310 3360 484 3432 Respondet:
502 3359 667 3419 Custodiam.
691 3359 875 3416 -Similiter
892 3361 964 3415 Rem.

261 3442 292 3522 a)
305 3445 362 3500 liat.
375 3444 562 3506 ltemeeod.
573 3444 777 3517 praescribunt,
790 3452 818 3500 ut
828 3441 955 3514 luflrmo,
966 3436 995 3499 in
1006 3444 1099 3500 cilicio
1109 3445 1213 3517 posito,
1224 3447 1377 3518 imponatur
1388 3445 1457 3502 cinis
1470 3449 1517 3504 vel

196 3528 225 3587 in
237 3537 351 3602 pectore
362 3530 408 3586 vel
419 3530 447 3586 in
462 3529 552 3602 capita
562 3529 651 3590 etiam.
683 3530 856 3601 Antiphonae
867 3537 921 3585 etc.
936 3530 1008 3585 int'er
1022 3531 1091 3584 banc
1101 3530 1293 3587 caerimoniam
1304 3531 1454 3588 cantandae
1467 3548 1517 3588 va-

196 3614 277 3672 riant⁸
304 3615 407 3671 Theod.
419 3634 425 3670 :
439 3613 468 3671 ln
479 3614 582 3670 sudore
593 3615 683 3670 vultus
698 3613 736 3669 tui
751 3614 875 3670 vesceris
888 3631 959 3686 pane
974 3622 1032 3684 tuo,
1044 3613 1133 3670 donec
1148 3617 1297 3673 revertaris
1311 3617 1339 3673 in
1353 3624 1468 3687 terram,
1481 3617 1517 3673 de

197 3716 249 3772 qna
262 3707 383 3772 sumptus
395 3717 435 3756 es.
460 3700 552 3755 Pulvis
563 3716 594 3756 es
606 3707 634 3756 et
644 3701 671 3755 in
683 3699 824 3771 pulverem
838 3700 995 3756 reverteris.
1020 3700 1174 3770 Sequuntur
1185 3702 1281 3773 psalmi
1292 3701 1516 3774 poenitentiales,

196 3785 341 3842 Coniessio
360 3783 475 3855 lnirmi,
493 3785 600 3856 prolixa
616 3783 726 3840 litania.
748 3784 883 3856 Aspersio
901 3801 987 3856 aquae
1000 3784 1160 3840 benedictae
1170 3786 1241 3858 apud
1252 3786 1383 3858 plurimos
1395 3802 1517 3843 comme·

196 3877 327 3927 moratur.
352 3870 446 3926 illirum
465 3869 537 3940 quod
552 3869 627 3924 iubet
641 3868 760 3924 Theod:
774 3868 877 3925 Fundat
888 3869 1024 3924 Sacerdos
1040 3869 1073 3924 de
1086 3870 1270 3948 oleosacrato
1282 3871 1417 3944 inaquam
1430 3872 1517 3929 bene·

195 3955 296 4012 dictam
309 3960 336 4010 et
350 3961 462 4026 spargat
474 3970 543 4023 earn,
556 3953 649 4009 dicens
660 3953 857 4025 Antiphonem:
873 3953 992 4010 Benedic
1003 3954 1117 4031 Domine
1131 3954 1240 4012 domum
1253 3955 1331 4013 istam
1346 3964 1404 4013 etc„

253 4038 284 4116 3)
299 4038 373 4095 llaec
388 4040 432 4096 rel
448 4039 543 4096 similis
558 4037 654 4095 Oratio
668 4039 789 4095 occurrit
802 4038 874 4111 apud
884 4039 926 4094 m.
937 4040 997 4099 Rau.
1010 4039 1082 4096 Rem.

256 4118 289 4197 4)
301 4123 343 4180 El.
371 4124 406 4180 Et
421 4124 461 4181 sic
477 4125 568 4181 flectat
583 4140 657 4193 genn
671 4123 717 4180 vel
728 4140 817 4194 genua
832 4124 877 4196 qui
889 4130 932 4181 est
943 4124 1088 4194 languidus
1110 4130 1139 4180 et
1148 4131 1204 4181 stet
1218 4123 1254 4179 ad
1264 4124 1407 4182 dexteram
1419 4142 1517 4183 mcer-

193 4208 267 4265 dotis
279 4215 307 4264 et
323 4209 363 4264 sic
375 4210 535 4278 decantetur
549 4210 618 4265 baec
631 4208 786 4280 Antiphone
796 4227 805 4264 r
815 4209 943 4266 Dominus
954 4211 1061 4265 locutus
1072 4207 1267 4281 estadiscipulis
1277 4210 1335 4266 suis
1346 4217 1401 4267 etc.
1418 4209 1517 4283 (etiam

192 4292 220 4348 in
231 4290 306 4366 liat.)
327 4293 497 4366 Antiphone:
510 4295 580 4351 Sana
591 4294 705 4349 Domine
716 4301 769 4350 etc.
788 4293 818 4349 ln
830 4294 889 4350 aliis
901 4294 1064 4350 membranis
1076 4293 1155 4350 alium
1166 4294 1256 4350 locum
1266 4300 1350 4351 tenet.
1371 4295 1414 4351 Ex
1423 4296 1517 4352 Tbco·

194 4375 258 4433 dulli
273 4377 338 4447 lege
349 4379 481 4448 infirmus,
496 4378 519 4434 si
534 4379 689 4450 permiserit
702 4377 854 4448 infirmitas,
866 4379 959 4439 abluto
971 4395 1090 4450 corpore
1102 4378 1171 4434 albis
1181 4379 1303 4436 vestibus
1314 4379 1436 4436 induitur
1448 4389 1477 4438 et
1488 4380 1517 4437 in

193 4461 339 4519 ecclesiam
359 4462 529 4536 deportatur.
557 4459 589 4539 5)
604 4463 692 4519 llabot
705 4462 747 4518 ΕΙ.
772 4461 803 4536 6)
816 4464 928 4519 Praeter
943 4463 1072 4520 Codicum
1086 4463 1215 4520 Tilianum
1230 4463 1370 4534 Eligianus
1382 4465 1518 4538 multique

192 4545 240 4602 alii
257 4545 320 4603 libri
340 4548 452 4604 rituales
467 4549 568 4604 vetusti
586 4553 799 4615 commemorant
821 4547 914 4618 pluras
931 4548 1103 4605 sacerdotes.
1136 4547 1206 4604 Olim
1226 4548 1298 4605 enim
1312 4549 1398 4607 moris
1411 4558 1474 4607 erat
1485 4558 1518 4607 ut

192 4637 299 4705 septem
313 4633 358 4688 vel
372 4632 468 4690 saltem
478 4633 570 4705 plures
580 4631 741 4692 sacerdotes
753 4630 888 4690 unctionis
902 4640 1098 4691 sacramentum
1112 4631 1342 4694 administrarent.
1365 4704 1370 4711 .
1391 4709 1395 4714 1
