3210 5168
772 323 822 397 ss

335 493 569 571 somnos.
760 436 764 450 ’
841 530 843 534 »
964 490 1310 569 mmnosmnos.
1386 446 1390 453 ’
1501 496 1503 505 ·

274 619 398 713 dosro
423 622 633 690 actionem.
958 615 1084 711 infru
1104 621 1316 689 actionem.

59 713 75 725 '⁴
189 719 267 794 XX.
310 717 608 793 Communioantes
635 726 670 789 et
699 740 771 790 me·
875 713 1173 790 Communioantes
1203 726 1237 788 et
1255 713 1461 788 memoriam

138 826 501 905 moriamvenerantes
520 821 674 916 inprimis
695 820 770 914 glo-
822 828 1031 892 venerantes
1076 819 1230 915 inprimis
1279 816 1461 912 gloriosae

137 930 251 999 riosao
284 918 422 1018 semper
455 924 602 1014 virginis
626 920 770 1011 Mariae,
823 942 961 1016 semper
975 918 1460 1013 virginishhariae,gonitrioio

139 1025 409 1121 genitricis‘Dei
441 1033 475 1095 et
501 1023 772 1112 Domininostri
823 1024 890 1094 Dei
904 1032 938 1094 et
950 1024 1088 1095 Domini
1100 1021 1298 1096 nostrilesu
1311 1017 1459 1094 Christis

137 1129 219 1203 lesu
250 1123 399 1200 Christi:
437 1124 499 1200 sed
525 1134 561 1196 et
592 1126 772 1198 beatorum
823 1124 886 1200 sod
904 1135 939 1196 et
956 1125 1135 1197 beatorum
1150 1122 1408 1219 Apostolorum
1422 1140 1461 1190 ao
1493 1198 1496 1205 ,

139 1229 390 1325 Apostolorum
415 1250 457 1298 ao
479 1225 670 1322 Martyrum
695 1237 772 1299 tuo-
823 1227 1013 1322 Martyrum
1026 1236 1175 1315 tuorum,
1189 1226 1282 1297 Petri
1296 1232 1334 1296 et
1347 1220 1459 1310 Pauli,

140 1330 323 1403 rumPetri
342 1340 376 1400 et
389 1329 499 1418 Pauli,
522 1327 772 1420 Andreae,'1a·
823 1329 1008 1418 Andreae,
1033 1328 1163 1417 laoohi,
1182 1327 1345 1417 Ioannis,
1367 1323 1457 1397 Tho·

142 1431 241 1521 nobi,
263 1429 420 1519 loannis,
448 1431 620 1520 Thomas,
642 1430 772 1520 lasabi,
823 1454 922 1520 maa,
941 1429 1070 1520 laoohi,
1089 1430 1254 1524 Philippi,
1272 1424 1456 1500 Bartholo

141 1533 300 1629 Philippi,
315 1531 583 1622 Bartholomaei,
596 1531 772 1622 Matthaei,
823 1535 925 1622 maei,
939 1530 1114 1621 Matthaei,
1129 1529 1278 1605 Simonis
1293 1539 1330 1601 et
1344 1525 1457 1599 Thad

142 1633 291 1709 Simonis
306 1644 340 1705 et
355 1632 546 1727 Thaddaoiz
568 1634 655 1724 Lini,
671 1631 772 1723 Cleti,
825 1634 1051 1730 daeiaXysti,
1065 1632 1251 1722 Laurentii,
1263 1630 1457 1728 Hippolyti,

113 1818 117 1830 Ι
142 1735 346 1823 Clementis,
365 1733 487 1830 Xysti,
510 1733 679 1827 Cornelii,
705 1734 772 1831 Cp·
824 1731 1181 1826 Vincentii,Coruelii,
1191 1731 1370 1830 Cypriani,
1381 1729 1458 1803 Cio·

140 1840 276 1936 priani,
310 1836 509 1928 Laurentii,
538 1836 772 1933 Chrysogoni,
824 1842 964 1929 mentis,
992 1836 1230 1932 Chrysogoni,
1256 1834 1398 1919 Ioannis
1424 1840 1458 1904 et

52 1983 54 1986 -
140 1941 279 2012 loannis
302 1947 337 2009 et
357 1938 467 2028 Pauli,
489 1937 635 2013 Cosmao
656 1951 691 2012 et
703 1941 772 2011 Da·
824 1942 934 2030 Pauli,
951 1939 1098 2013 Cosmae
1112 1948 1146 2010 et
1161 1939 1332 2027 Damiani,
1346 1933 1458 2031 Apod-

142 2042 270 2113 miani:
312 2049 347 2112 et
383 2043 532 2113 omnium
568 2040 773 2115 Sanctorum
824 2043 955 2132 linaris,
977 2041 1113 2131 Vitalis,
1132 2038 1271 2112 Nauarii
1290 2047 1326 2110 et
1350 2033 1456 2126 Celsi,

32 2171 42 2184 ·
141 2153 296 2215 tuorum:
309 2163 454 2237 quorum
462 2143 783 2239 meritispreoihus-.
824 2141 973 2218 Protasii
995 2154 1030 2214 et
1051 2140 1227 2216 Corvasii:
1249 2149 1285 2211 et
1305 2141 1457 2212 omnium

7 2316 11 2322 ἐ
144 2267 211 2340 quo
226 2244 411 2335 concedas,
425 2255 461 2315 ut
476 2247 510 2316 in
525 2246 772 2342 omnihuspro-
824 2244 1032 2320 Sanctorum
1042 2255 1198 2316 tuorum:
1220 2263 1370 2337 quorum
1387 2262 1459 2312 me

142 2348 302 2419 tortionis
321 2356 400 2417 tuae
424 2350 614 2419 muniamur
632 2348 770 2419 auxilio.
824 2351 899 2422 ritis
911 2348 1141 2445 precibusque
1163 2342 1351 2434 oonoodas,
1373 2345 1459 2415 utin

17 2496 22 2506 -
142 2449 252 2543 Iooqit
266 2472 390 2522 monos.
432 2449 500 2521 Per
513 2450 659 2521 eundem
677 2447 773 2521 Chri·
826 2451 981 2524 omnihus
993 2449 1218 2547 protectionis
1234 2446 1462 2518 tuaomunia-

142 2559 232 2624 stum
245 2548 427 2624 Dominum
449 2562 611 2642 nostrum.
648 2551 771 2624 Amen.
826 2575 901 2623 mur
927 2553 1065 2624 auxilio.
1103 2550 1172 2621 Por
1193 2547 1343 2620 eundem
1363 2544 1462 2619 Chri-

826 2664 914 2728 stum
927 2655 1110 2727 Dominum
1129 2660 1294 2726 nostrum.
1332 2648 1459 2722 Amen.

192 2756 232 2827 Io
250 2757 453 2847 Notioitoie,
477 2757 684 2850 Epiphanio,
706 2755 773 2826 Ro·
834 2781 837 2787 ·

142 2861 342 2928 surrectione
359 2867 391 2927 et
408 2857 610 2939 Aaoeosiooe
627 2857 773 2948 Domini,

99 3012 101 3017 ,
142 2958 776 3052 itendiePentoooatesponooiooeordio
1043 2983 1051 2998 ·

143 3064 380 3132 interseruntur
393 3082 420 3131 o.
433 3086 463 3152 p.
480 3066 515 3131 io
526 3060 728 3132 Notioihrto:
741 3069 775 3130 et
876 3055 1026 3130 maden
1041 3064 1164 3129 wem
1173 3051 1463 3128 montimbre

3 3220 6 3225 .
145 3163 234 3233 diem
250 3157 418 3257 (noctem)
438 3163 704 3234 sacratissimum
718 3183 773 3233 oe·
825 3182 922 3231 aom

145 3262 338 3352 lebrantes,
361 3284 429 3357 quo
443 3262 565 3334 heatae
580 3262 710 3334 Mariae
724 3266 773 3334 in-

144 3373 311 3434 temerata
336 3366 516 3457 virginitas
542 3365 621 3437 huio
647 3365 773 3438 mundo

146 3465 250 3537 edrdit
265 3464 492 3538 saluatorem.
527 3465 598 3541 Sed
614 3476 656 3541 et.

195 3567 288 3638 XXI.
322 3571 450 3641 Tenens
463 3594 579 3644 atoma
603 3597 774 3668 eapooaoa

144 3671 368 3765 superobloto
384 3674 478 3744 dieii:
645 3728 649 3736 .
959 3726 966 3740 ·
1080 3722 1084 3731 ·
1185 3720 1190 3731 ·

145 3825 152 3840 .
196 3772 293 3842 Hanc
312 3775 416 3865 igitur
437 3774 645 3848 oblationem
664 3778 774 3849 servi-
876 3775 974 3848 Hanc
992 3779 1096 3870 igitur
1116 3775 1324 3851 oblationem
1345 3785 1459 3856 servi-

44 3913 46 3917 *
123 3872 225 3947 'tutis
246 3884 404 3965 nostrae,
423 3874 537 3949 sedet
557 3888 701 3950 ounotao
723 3879 773 3950 fa·
824 3881 905 3950 tutis
917 3886 1070 3967 nostrae,
1083 3879 1146 3953 sed
1160 3889 1194 3951 et
1207 3883 1460 3956 eunotaefami·

35 4050 38 4055 ,
144 3977 258 4046 miliae
286 3985 366 4049 tuae
387 4001 591 4073 quaesumus
612 3981 773 4070 Domine,
825 3980 893 4050 liae
912 3988 992 4050 tuae
1012 4004 1216 4076 quaesumus
1230 3984 1398 4075 Domine,
1422 3995 1461 4059 ut

143 4087 181 4149 ut
190 4078 348 4177 placatus
363 4082 529 4178 accipiast
552 4082 697 4177 diesque
710 4074 773 4153 no·
824 4080 978 4178 placatus
992 4078 1139 4179 aooipias
1160 4084 1302 4181 diesque
1313 4097 1458 4164 nostros

97 4258 100 4263 ,
143 4189 234 4254 stros
254 4183 289 4251 in
308 4189 366 4252 tua
383 4206 470 4279 pace
489 4184 650 4280 disponas
671 4194 772 4278 atque
824 4186 860 4254 in
873 4192 931 4255 tua
945 4205 1032 4279 paee
1047 4185 1208 4282 disponas
1223 4197 1324 4284 atque
1339 4189 1384 4262 ah
1398 4212 1460 4264 ae-

113 4280 120 4296 '
144 4280 724 4382 ahaeternadamnationenoseripi
739 4296 772 4357 ot
823 4295 922 4358 terna
941 4286 1155 4360 damnatione
1175 4311 1240 4363 nos
1260 4293 1347 4387 eripi
1368 4301 1405 4364 et
1424 4295 1460 4365 in

142 4384 517 4458 ineleotorumtuorum
529 4387 648 4460 iubeas
662 4409 772 4481 grege
825 4390 1015 4489 electorum
1039 4401 1174 4462 tuorum
1197 4391 1316 4467 iubeas
1343 4409 1460 4490 grege

142 4490 324 4559 numerari.
345 4490 584 4583 lonpitntooos.
600 4489 667 4562 Per
676 4485 771 4562 Chri·
823 4494 1003 4564 numerari.
1042 4493 1110 4565 Per
1139 4490 1310 4568 Christum
1334 4495 1460 4572 Domi·

139 4597 231 4679 ,stum
245 4587 427 4661 Dominum
447 4599 610 4667 nostrum.
647 4591 769 4668 Amen.
823 4604 1081 4672 numnostrum.
1115 4595 1238 4670 Amen.
1348 4628 1352 4639 v
