3202 5176
755 274 779 343 7

103 469 175 550 quid
188 470 265 530 iniis
280 469 486 529 vetustissimis
494 466 577 529 libris
592 467 824 545 Rheinaugiensi
838 478 870 530 ct
883 470 1087 531 San-Gallensi
1101 471 1194 551 priori
1203 473 1420 539 continebatur.

103 572 189 655 Hunc
203 572 320 632 tertium
334 571 466 632 codicem
480 570 591 652 publici
609 572 681 630 iuris
694 570 767 632 fecit
781 570 943 633 Gerbertus
960 583 1042 635 tomo
1056 575 1151 655 primo
1166 572 1421 637 bonumentorum

104 692 133 755 p.
148 669 294 734 1-21o
314 672 463 759 babemus
477 675 567 750 igitur
583 672 731 751 liturgiam
750 672 859 735 Gelasii
878 676 996 737 nomine
1015 678 1203 755 insignitam,
1225 676 1421 740 'ihomasiano

104 776 201 837 codici
216 776 389 856 antiquitate
403 794 462 837 nou
477 776 531 836 nisi
546 793 647 855 parem
662 775 715 836 sed
725 779 922 856 superiorem,
937 796 1023 858 quem
1036 787 1161 858 propter
1173 781 1326 855 ingentem
1333 780 1421 842 Prac-

101 879 245 940 latiouum
259 873 474 939 multitudinem
489 879 650 960 genuinum
664 877 772 939 Gelasii
786 880 898 941 loetum
914 879 1036 941 dixeris.
1057 880 1157 941 llanet
1169 890 1278 959 tumen,
1294 901 1357 942 cum
1372 903 1420 944 su·

103 982 269 1062 spicionem
298 990 417 1042 moreat
435 981 556 1057 vulgata
587 979 705 1042 loannis
737 981 862 1043 Diaconi
880 984 1026 1062 scriptura
1046 981 1090 1062 (p.
1109 979 1156 1057 5.)
1184 984 1369 1063 perdifficilis
1390 992 1421 1045 et

102 1083 285 1164 perobscura
300 1084 433 1167 quaestio
457 1082 493 1167 de
507 1082 742 1145 Sacramenturio
763 1084 889 1162 Gelasii,
911 1103 996 1165 qnam
1016 1104 1075 1146 uon
1094 1086 1176 1164 prius
1196 1085 1316 1146 scivere
1336 1096 1420 1167 pote-

101 1196 170 1247 runt
189 1188 244 1247 riri
266 1186 346 1247 docti
366 1204 450 1273 quam
479 1204 517 1245 cx
539 1185 604 1246 aliis
624 1186 734 1263 longae
760 1188 941 1267 antiquitatis
959 1188 1111 1249 codicibus
1130 1197 1230 1247 textus
1248 1187 1419 1250 Gelasianus

101 1299 203 1350 erutus
221 1289 269 1351 sit.
296 1286 378 1349 'lunc
398 1284 513 1349 demum
527 1288 628 1373 largus
647 1299 677 1350 et
690 1289 803 1369 amplus
817 1290 1131 1369 praebeturiudicibus
1146 1289 1239 1351 locus.

201 1389 275 1452 Erat
290 1409 364 1452 uero
384 1392 489 1479 procul
512 1390 601 1452 dubio
615 1401 684 1452 unte
703 1391 813 1479 Gelasii
842 1378 977 1472 tempora
996 1411 1079 1453 suum
1101 1391 1252 1453 Romanae
1274 1391 1421 1452 ecclcsiae

98 1492 380 1577 Sacramentarium;
408 1512 442 1554 ac
459 1493 586 1575 proinde
600 1494 669 1555 illud
685 1494 818 1557 (talasius
840 1486 1038 1557 tantummodo
1050 1496 1230 1557 instaurasse
1244 1494 1420 1573 meliorique

99 1594 206 1679 ordine
223 1595 352 1657 donasse
366 1595 531 1656 credendus
546 1604 601 1658 est.
623 1596 666 1657 lta
680 1596 871 1661 llluratorins:
898 1617 996 1678 ucque
1010 1608 1057 1659 est
1075 1599 1153 1678 qnod
1168 1598 1236 1658 huic
1253 1598 1419 1657 sententiae

98 1680 294 1774 refragemus.
320 1698 366 1759 hu
379 1714 451 1756 vero
466 1698 683 1758 uetustissimae
699 1699 931 1775 huiusliturgiuc
945 1697 1125 1778 exemplaria
1134 1699 1169 1758 ad
1180 1708 1310 1760 nostram
1325 1708 1418 1777 usqne

98 1808 225 1859 aetutem
237 1800 448 1878 pervenerint,
473 1816 597 1879 prorsus
617 1798 735 1859 aliaest
755 1801 898 1879 quaestio.
927 1799 1040 1860 Prodiit
1061 1800 1179 1880 quidem
1206 1818 1275 1860 curu
1298 1796 1420 1876 losephi

98 1897 271 1961 blanchinii
294 1897 399 1961 Codes
423 1899 689 1962 Suerumcutorum
714 1898 807 1961 Vetus
821 1919 841 1961 u
854 1899 885 1961 S.
903 1899 1005 1961 Leone
1029 1901 1114 1978 Pupu
1127 1899 1283 1978 confectus
1296 1898 1348 1977 i),
1368 1900 1418 1961 dc·
1450 1945 1452 1949 -

97 2014 284 2084 promptose
306 2004 384 2064 libro
398 2002 580 2064 Veronensis
597 2003 722 2084 Capituli
737 2006 815 2065 circa
830 2023 935 2063 annuum
949 2001 1034 2065 DCC.
1051 2004 1099 2065 vel
1115 2002 1223 2065 DCCC.
1237 2006 1418 2082 conscripto.

96 2106 280 2175 Sednomcu
293 2105 402 2168 Leonis
418 2105 513 2181 codici
532 2125 587 2187 per
600 2125 709 2167 meram
732 2108 929 2167 coniecturam
953 2107 1117 2186 praefixum
1138 2107 1202 2167 tuit.
1237 2105 1357 2166 Mancus
1373 2116 1420 2166 est

96 2227 114 2269 a
132 2211 241 2289 sapite,
260 2190 425 2277 casellicet
439 2219 525 2289 parte
538 2229 594 2290 qua
609 2229 676 2270 suas
690 2211 823 2288 origines
839 2209 968 2289 prodere
982 2211 1129 2291 potuisset
1143 2229 1177 2269 ac
1191 2209 1308 2279 fontes;
1333 2211 1417 2268 muti·

96 2311 142 2371 lus
155 2314 244 2373 etiam
259 2311 352 2379 calce.
381 2310 450 2389 lpse
464 2313 556 2389 igitur
569 2312 769 2390 blanchinius,
784 2331 859 2391 quac
873 2311 909 2372 de
924 2311 978 2371 hac
991 2331 1025 2372 re
1040 2313 1417 2373 doctiorumvirorumseu·

97 2400 293 2489 teutiaioret,
310 2414 480 2491 exquisivit.
511 2413 679 2493 Respondit
690 2410 720 2474 J.
742 2410 778 2474 A.
796 2411 922 2491 Ursius,
948 2414 1067 2475 Ordinis
1089 2414 1337 2489 Praedicatorum,
1359 2413 1417 2473 sibi

97 2516 216 2574 minime
241 2513 337 2574 uideri
364 2511 550 2573 Gelesianum
574 2515 646 2576 illud
670 2516 934 2575 Sacramenturirun
963 2517 1043 2594 quod
1071 2516 1245 2577 Thomasius
1277 2516 1416 2583 ediderit;

96 2615 343 2695 Gelasio-potius
371 2615 555 2677 tribuendum
577 2635 644 2677 esse
666 2617 744 2696 quod
769 2634 786 2676 a
814 2616 986 2676 blanchinio
1012 2617 1181 2693 evulgatum
1203 2626 1300 2691 esset,
1319 2617 1414 2676 altero
1483 2618 1488 2627 “

94 2708 163 2780 siue
175 2718 359 2779 dubitatione
374 2719 529 2779 vetustius.
551 2718 625 2779 Item
646 2716 794 2778 Marullus
810 2719 847 2778 ad
868 2715 1010 2777 Goountu‘a'
1032 2717 1172 2778 'lhesaun
1192 2717 1275 2778 Tom.
1290 2717 1312 2776 1.
1334 2736 1364 2796 p.
1382 2713 1414 2776 4.

97 2821 231 2883 codicem
244 2821 448 2882 veronensem
458 2820 643 2881 Gelasianum
661 2821 814 2902 appellare
822 2820 940 2881 mavult.
966 2819 1077 2880 Contra
1090 2839 1159 2879 cum
1178 2819 1351 2880 blanchinio
1371 2819 1413 2881 ia·

96 2902 136 2985 cit
153 2921 218 2983 lac.
237 2920 357 2984 Acumi:
371 2921 444 2983 Duff
464 2922 626 3001 amichitu,
653 2930 762 2984 autore
780 2941 797 2983 c
815 2922 905 3015 prepi
921 2921 970 2981 del
988 2920 1235 2982 sacramentario
1260 2920 1413 2983 Veroacse

93 3025 308 3106 publicotodul
319 3022 359 3085 Μ.
374 3025 413 3087 a.
431 3024 463 3086 P.
480 3023 630 3105 Gtuseppe
643 3024 811 3087 Bluucba‘uc'.
827 3020 918 3087 1748.
951 3023 1099 3085 Eusebius
1112 3022 1236 3098 Aruort,
1262 3026 1412 3087 ecclesiae

97 3113 275 3210 collegiatae
297 3127 333 3189 ad
349 3129 379 3192 S.
405 3127 530 3190 Crucem
549 3129 704 3206 Pollingae
719 3132 747 3189 in
763 3129 885 3189 bavaria
900 3125 1066 3189 canonicus
1081 3126 1251 3204 Regularis,
1271 3136 1411 3205 autumat,

95 3251 155 3293 uon
187 3251 255 3292 csse
283 3240 467 3312 compactum
494 3232 531 3293 ab
551 3251 609 3293 uno
637 3233 771 3293 Romano
800 3231 959 3311 pontifice,
993 3228 1174 3297 sedlihrum
1194 3228 1411 3292 luissclloma-
1501 3220 1507 3236 “

95 3353 199 3401 norum
213 3335 385 3415 pontificum
400 3334 436 3394 ad
458 3353 526 3393 usus
548 3337 681 3415 privatos
702 3335 803 3415 primis
825 3332 1005 3413 temporibus
1027 3350 1081 3393 usu
1105 3342 1274 3413 receptum,
1297 3343 1413 3393 auctum

94 3446 192 3496 tumen
214 3446 245 3496 et
265 3438 472 3516 interpolatum
487 3456 541 3516 per
555 3439 653 3499 varios
674 3437 831 3517 pontifices
855 3454 947 3515 usque
966 3436 1002 3495 ad
1021 3445 1155 3514 tempora
1171 3434 1281 3495 Gelasii
1300 3452 1411 3514 papae:

95 3539 220 3614 agnosci
236 3556 326 3616 posse
338 3556 439 3597 manus
454 3540 529 3598 Sinti
550 3540 612 3616 lll.,
627 3541 736 3601 Leonis
750 3538 799 3600 lll.
816 3540 843 3599 el
858 3538 967 3597 Felicis
982 3536 1030 3596 lll.
1061 3538 1101 3596 At
1122 3555 1196 3596 vero
1211 3533 1410 3613 dictatorius,

94 3641 254 3700 acerrimus
270 3640 425 3699 vetustatis
440 3641 621 3716 aestimator,
638 3660 672 3701 ea
691 3644 864 3702 sinceritate
885 3659 941 3717 qua
963 3657 1016 3718 par
1037 3647 1082 3698 est
1108 3639 1234 3716 fatetur,
1264 3643 1337 3699 certi
1358 3640 1409 3699 ali-

94 3728 163 3823 quid
178 3740 316 3821 praeberi
330 3759 391 3801 non
406 3741 539 3820 possein
554 3760 586 3801 re
600 3742 695 3802 dubia.
717 3744 892 3820 Suspicatur
906 3739 1002 3818 (quod
1015 3743 1196 3818 argumentis
1204 3744 1275 3801 satis
1291 3743 1409 3802 idoneis

95 3841 307 3923 commendat),
317 3828 585 3905 'Sacramentarium
600 3844 753 3905 blanchini
767 3852 858 3924 post
872 3852 1006 3922 tempora
1024 3845 1055 3904 S.
1068 3843 1189 3922 Leonis,
1203 3845 1332 3904 tortasse
1353 3845 1406 3904 sub

98 3977 303 3992 m

177 4052 736 4128 ¹¹¹)lnProlegoruenisadTomumquartum
743 4056 1316 4126 Anastasiibibliothecariip.XII-LVll.,
1331 4073 1407 4123 qoem

93 4141 199 4195 addidit
215 4142 303 4195 tribus
322 4144 458 4213 prioribus
472 4162 492 4197 a
509 4145 655 4198 branciaco
678 4144 832 4197 blanchinio
850 4143 992 4196 illustratis
1009 4160 1078 4196 anno
1099 4141 1166 4196 1735
1180 4150 1209 4195 et
1227 4144 1297 4210 apud
1310 4140 1406 4192 Mura-

93 4227 190 4281 toriuan
200 4228 254 4279 Lit.
264 4228 339 4280 aon.
350 4230 374 4281 l.
390 4248 421 4299 p.
431 4228 581 4283 aot-ass
595 4236 623 4282 et
632 4232 824 4284 Amemuunum
836 4230 887 4285 lll.
899 4247 927 4300 p.
939 4225 1061 4282 t-tto.
1073 4226 1117 4281 Cf.
1123 4227 1281 4281 ballerinios
1293 4226 1406 4279 Fratres

93 4312 120 4364 in
132 4313 220 4366 Temo
230 4313 269 4366 11.
280 4313 352 4382 Opp.
369 4314 399 4366 S.
416 4315 525 4368 Leonis.

178 4391 222 4460 **)
234 4397 299 4451 Loci
311 4400 341 4451 S.
352 4398 510 4469 Scripturas
522 4418 537 4450 a
547 4406 655 4452 vetusta
667 4401 735 4453 ltala
746 4398 878 4467 descripti
898 4403 970 4455 sunt.
994 4396 1124 4451 Occurrit
1131 4393 1209 4447 luctis
1223 4401 1252 4448 et
1260 4396 1342 4448 mellis
1361 4396 1405 4448 de-

93 4482 214 4549 gustatio
234 4483 261 4535 in
278 4483 422 4553 baptismo.
454 4484 649 4537 Desiderantur
666 4487 736 4538 festa
753 4483 949 4553 Assumptionis
966 4489 994 4535 et
1010 4478 1172 4536 Natiuitatis
1183 4481 1298 4550 Mariae,
1310 4483 1405 4534 luven-

93 4564 175 4619 tionis
186 4569 282 4622 Crucis
294 4588 317 4624 e.
329 4588 354 4622 a.
365 4569 421 4623 Sed
432 4570 520 4641 ipsum
532 4570 613 4623 adeas
624 4570 806 4624 Moratorium
819 4569 875 4623 Lit.
889 4569 966 4623 Rom.
977 4568 1000 4621 I.
1013 4585 1041 4638 p.
1052 4563 1174 4621 16-37.
