3202 5176
763 284 766 289 ’
807 307 882 378 aar

187 501 222 575 in
249 495 421 584 vultibus,
444 497 490 566 ita
517 493 639 565 dextra
661 459 782 567 manus
808 495 882 568 eius
909 495 1044 567 virtutis
1072 492 1271 569 tribuateis
1296 496 1509 589 incrementa
1576 580 1581 588 ¹

187 610 223 673 et
245 600 287 672 ab
309 600 402 671 omni
428 597 596 667 caecitate
616 596 784 690 spirituali
805 606 839 667 et
861 597 1007 667 humana
1031 595 1154 669 oculos
1176 619 1297 669 eorum
1320 602 1454 695 aperiat
1473 611 1510 673 et

185 704 302 775 lumen
325 703 375 774 eis
402 709 565 770 aeternae
592 700 724 790 gratiae
751 699 930 769 concedat.
978 695 1044 782 Oui
1070 700 1157 769 vivit
1185 710 1219 770 et
1243 711 1370 793 regnat
1397 699 1508 799 etc.,¹).

289 832 362 891 Post
382 829 457 890 haec
475 826 757 890 sedente'Pontilrce
777 828 880 889 schola
903 828 1022 891 inchoat
1043 837 1073 890 et
1094 832 1287 910 prosequitur
1308 831 1508 912 Antiphonem

186 945 216 997 ot
228 933 373 997 Psatmum
389 927 439 992 15.
457 940 564 992 octavu
578 940 666 992 tono:
690 919 745 991 Tu
764 942 801 994 es
825 921 984 1011 Domine,
1009 925 1067 1017 qui
1087 926 1238 997 restituis
1261 923 1508 998 haereditatem

184 1049 305 1099 meam.
361 1022 541 1097 Conserva
564 1046 619 1094 me
642 1023 790 1094 Domine
813 1042 870 1095 etc.
892 1044 985 1112 usque
1007 1046 1073 1095 nec
1099 1017 1231 1096 me'mor
1253 1048 1315 1098 ero
1334 1031 1508 1099 nominum

186 1151 306 1202 eorum
332 1150 397 1223 per
423 1126 513 1198 labia
540 1148 625 1196 mea.
687 1133 845 1215 Repetitur
863 1143 924 1196 tota
949 1134 1136 1216 antiphona:
1165 1126 1217 1198 Tu
1242 1149 1280 1201 es
1303 1127 1451 1200 Domine
1460 1126 1506 1229 ²).

286 1259 411 1339 Incepto
426 1256 539 1337 psalmo
553 1256 586 1317 P.
602 1274 666 1316 com
684 1256 836 1319 forficibus
856 1242 1134 1343 incidituoiouique
1156 1254 1360 1323 extremitates
1384 1261 1505 1342 capillo·

184 1380 249 1422 rum
264 1362 293 1421 in
309 1369 434 1440 quatuor
448 1359 540 1436 locis,
562 1357 703 1442 videlicet
727 1361 756 1419 in
779 1359 890 1447 fronte,
911 1361 941 1419 in
960 1360 1101 1440 occipitio
1121 1370 1151 1421 et
1172 1361 1208 1422 ad
1229 1371 1505 1442 utramqueaurem‚

185 1463 293 1540 deinde
311 1464 340 1523 in
354 1461 451 1523 medio
467 1461 570 1542 capitis
585 1460 697 1539 aliquot
718 1463 815 1521 crines
836 1460 1061 1547 capillorum-et
1083 1463 1113 1524 in
1130 1454 1233 1551 bacile
1250 1463 1379 1544 deponit·
1395 1473 1425 1526 et
1442 1468 1505 1548 qui·

184 1565 260 1629 libet
281 1584 346 1626 uun
368 1563 507 1626 tondetur
527 1562 613 1623 dicit:
639 1553 806 1626 Dominus
832 1575 917 1648 pars,
939 1553 1159 1628 baereditatis
1183 1579 1294 1657 smeae
1322 1566 1357 1628 et
1388 1556 1505 1632 calicis

158 1700 171 1729 -.
184 1661 272 1730 mei:
295 1669 332 1729 tu
356 1672 394 1730 es
418 1659 476 1751 qui
501 1657 661 1729 restitues
685 1656 930 1728 haereditatem
949 1678 1060 1728 meam
1082 1656 1172 1728 milri.

289 1768 431 1831 Omnibus
452 1770 548 1829 tonsis
569 1768 665 1846 surgit
687 1768 719 1831 P.
735 1776 764 1828 et
784 1753 865 1828 stans
884 1785 989 1829 versus
1003 1770 1039 1830 ad
1053 1752 1140 1830 illos}
1169 1755 1323 1832 Oremus.
1363 1758 1505 1833 Praesta

185 1884 391 1959 quaesumus
411 1863 626 1957 omnipotens
644 1858 754 1950 Deus,
775 1871 812 1932 ut
830 1860 866 1931 hi
883 1858 1001 1941 famuli
1021 1864 1082 1951 tui,
1102 1868 1248 1957 quorum
1266 1857 1369 1933 hodie
1388 1884 1506 1938 comas

185 1968 334 2062 capitum
360 1986 423 2059 pro
448 1985 566 2033 amore
593 1962 709 2034 divino
738 1961 958 2059 deposuimus
981 1967 1016 2034 in
1041 1974 1099 2036 tua
1127 1962 1311 2036 dilectione
1333 1974 1504 2059 perpetuo

184 2064 344 2139 maneant
367 2075 400 2137 et
428 2039 587 2138 eosssine
612 2064 747 2135 macula
773 2068 808 2134 in
827 2068 1071 2161 sempiternum
1093 2052 1274 2140 custodias.
1328 2064 1396 2136 Per
1405 2062 1449 2162 ³).
1531 2076 1533 2081 '

290 2176 371 2237 'l'uno
392 2176 501 2237 Schola
520 2165 640 2236 i'oclroat
662 2176 876 2259 Antiphonem:
911 2167 954 2238 Hi
986 2170 1154 2265 accipient
1180 2155 1456 2264 benedictionem
1483 2190 1504 2236 a

185 2271 333 2343 Domino
365 2280 399 2341 et
424 2269 694 2352 misericordiam
721 2293 740 2340 a
763 2269 840 2340 Deo
869 2270 1011 2344 salutari
1037 2293 1132 2344 suos·
1149 2272 1227 2365 quia
1247 2268 1335 2340 baec
1362 2280 1416 2342 est
1443 2292 1504 2362 ge-

184 2376 318 2446 neratio
333 2373 584 2473 ¹quaerentium
611 2394 697 2442 eum.
753 2383 893 2461 Sequitur
918 2370 1051 2443 P'salnus
1083 2374 1142 2447 2'3·
1163 2372 1302 2444 Domini
1331 2381 1385 2445 est
1412 2380 1505 2443 terra

186 2494 248 2573 'eth
259 2495 290 2546 et
305 2487 451 2565 repetitur
462 2471 684 2563 Anttpboua4).
705 2462 784 2559 'Oua
804 2484 883 2544 linita
904 2486 999 2562 surgit
1019 2471 1133 2565 P.,'·qut
1152 2487 1232 2546 inter
1246 2465 1504 2560 autumnalem,
1575 2523 1579 2529 -

186 2596 216 2649 et
230 2589 267 2649 ad
281 2588 372 2648 altare
388 2604 550 2648 conversus
569 2585 639 2647 dicit
659 2575 804 2650 Oremus
824 2596 853 2647 et
871 2588 995 2647 ministri
1016 2587 1133 2649 dicunt:
1161 2566 1357 2650 Flectamus
1380 2582 1502 2670 genita.

184 2679 326 2752 Levate.
423 2744 431 2759 ,
531 2750 537 2761 ,
835 2714 837 2718 >
915 2724 920 2732 -

208 2816 211 2820 ⁴
288 2792 327 2852 Et
346 2809 415 2852 mox
437 2789 472 2850 ad
493 2799 596 2851 tonsos
617 2788 795 2866 genuflexos
809 2782 913 2851 versus
926 2789 959 2851 Ρ.
974 2790 1059 2852 dicit:
1087 2779 1224 2874 Adesto
1253 2780 1401 2851 Domine
1424 2799 1504 2874 sup·

162 2881 424 2982 'plicationibus
451 2884 577 2956 nostris
605 2893 638 2953 et
670 2881 734 2955 hos
760 2881 909 2956 famulos
933 2894 1012 2958 tuos
1042 2874 1131 2954 bene
1150 2878 1185 2977 ψ’
1201 2882 1318 2966 dicere
1348 2882 1502 2974 dignare

185 2983 307 3097 quibus
328 2987 364 3055 in
390 2993 449 3055 tuo
472 2986 751 3056 sanctemonn'ne
772 2985 922 3057 habitum
939 2998 1061 3060 sacrae
1078 2984 1503 3085 reli‘gionisjmpotrimusz
1581 3025 1587 3035 ·

184 3094 222 3179 ut
243 3098 278 3160 te
305 3088 474 3178 largiente
502 3085 681 3157 et'devoti
707 3088 743 3157 in
770 3087 918 3161 ecclesia
945 3097 1003 3159 tua
1031 3086 1220 3184 persistere
1242 3097 1277 3181 et
1297 3089 1403 3160 vitam
1420 3107 1504 3182 per-

152 3188 167 3257 .'
186 3194 303 3287 cipere
330 3197 525 3259 mereantur
548 3198 731 3260 aeternam.
785 3190 853 3262 Per
863 3187 907 3287 ⁵).
1044 3180 1050 3189 ’
1228 3178 1243 3227 ²

289 3300 362 3362 'l'um
377 3299 409 3362 P.
424 3298 509 3360 sedet
525 3309 553 3360 et
568 3301 716 3381 accipiens
730 3302 759 3362 io
775 3319 890 3363 manum
909 3300 1159 3382 superpelliceum
1180 3299 1250 3360 dicit
1269 3296 1411 3376 singulis:
1446 3286 1502 3357 In-

186 3386 266 3485 ddat
289 3405 324 3466 te
351 3392 519 3465 Dominus
550 3415 680 3465 novum
709 3395 899 3483 hominem,
928 3396 985 3490 qui
999 3393 1200 3482 ‚secundum
1225 3391 1337 3463 Deum
1364 3400 1503 3461 creatus

186 3484 240 3573 est
258 3501 295 3569 in
314 3496 441 3571 iustitia
469 3505 507 3566 et
525 3499 704 3569 sanctitate
727 3499 882 3570 veritatis
891 3495 935 3594 ⁶).
1440 3522 1447 3535 ·

288 3607 326 3672 Et
345 3626 414 3668 mox
434 3608 558 3687 imponit
576 3607 648 3668 illud
662 3609 784 3670 cuilibet
801 3607 983 3689 repetendo:
1005 3595 1126 3668 Induat
1148 3613 1202 3666 etc
1227 3598 1387 3666 immittens
1409 3620 1502 3682 usque

184 3710 382 3793 tad-scapulas,
403 3694 432 3768 et
446 3709 612 3770 immediate
626 3710 757 3788 trahens,
778 3712 803 3771 si
826 3730 913 3771 unum
931 3712 969 3771 sit
983 3718 1093 3770 tantum
1113 3705 1378 3787 superpelliceum:
1398 3707 1502 3789 sicque

9 3820 16 3830 ”
63 3883 70 3892 ,
184 3813 255 3875 iacit
274 3832 366 3893 nsque
380 3811 415 3871 ad
430 3811 571 3885 ultimum,
588 3813 636 3891 qui
652 3831 689 3874 eo
704 3814 835 3874 totaliter
848 3813 994 3880 induitur;
1016 3813 1041 3871 si
1064 3828 1137 3870 vero
1157 3809 1282 3888 quisque
1302 3827 1384 3870 suum
1397 3823 1501 3885 super·

183 3916 342 3996 pelliceum
357 3913 474 3992 babeat,
489 3914 599 3992 singuli
614 3915 745 3976 totaliter
758 3915 924 3979 induuntur.
953 3915 1020 3991 Ouo
1035 3911 1190 3993 expedito,
1204 3905 1342 3988 surgit-P.
1352 3920 1501 3971 etversus

183 4014 220 4082 id
234 4018 303 4082 illos
318 4003 402 4080 dirtt:
423 4003 577 4081 Oramus.
616 4005 851 4106 Omnipotens
869 4010 1076 4104 sempiterne
1093 4005 1202 4120 Dens,
1216 4005 1404 4103 propitiare
1421 4022 1503 4097 peo-

184 4170 391 4182 *un—.—

218 4263 277 4336 ··1)
293 4264 418 4320 Occurrit
431 4265 552 4322 Collecta
569 4267 597 4321 in
613 4266 681 4322 cod.
693 4266 721 4322 S.
733 4265 818 4336 Eligii
828 4282 861 4323 ac
876 4266 1079 4338 Rotomagensi.
1147 4261 1178 4342 b)
1193 4263 1304 4336 Legitur
1316 4260 1411 4318 eadem
1422 4258 1502 4318 Auti-

183 4345 273 4417 pbona
295 4347 322 4402 in
341 4349 444 4405 Oodice
460 4351 487 4410 S.
502 4350 594 4420 Eligit.
683 4346 714 4426 s)
735 4351 822 4406 Habet
840 4352 992 4408 orationem
1007 4352 1075 4408 Ood.
1087 4353 1115 4410 S.
1130 4349 1222 4421 Eli'gii.
1307 4349 1338 4423 4)
1358 4344 1503 4418 Reperitur

182 4430 338 4503 Antiphone
353 4433 379 4489 in
392 4443 510 4506 utroque
525 4435 637 4492 Codice.
692 4434 723 4509 b)
734 4435 830 4492 Exstat
840 4435 868 4491 in
880 4435 948 4496 Ood.
963 4437 992 4494 S.
1004 4436 1087 4508 tttigii
1102 4444 1129 4492 et
1141 4431 1347 4504 Rotomagensi.
1398 4429 1431 4505 b)
1443 4427 1504 4484 llos

181 4513 311 4572 induendi
325 4519 493 4576 sollemniter
505 4536 578 4578 novo
591 4519 694 4578 clerico
708 4520 934 4596 superpelliceum
946 4523 1056 4579 saeculo
1069 4519 1232 4579 duodecimo
1244 4518 1289 4575 vel
1301 4515 1409 4573 decimo
1420 4512 1504 4588 tertio

181 4597 458 4660 invaluissesidetur.
651 4606 657 4618 '
914 4622 919 4637 ·
948 4622 951 4627 ·
1174 4612 1177 4617 '
