3202 5176
811 326 885 394 270

225 509 312 582 -vt
352 509 415 580 EX
443 508 632 581 RITUALI
659 508 940 583 TREVIRENSI
966 505 1096 581 ΑΝΝΟ
1126 507 1223 578 1836
1247 503 1398 576 uultu.
1412 502 1442 601 1)

494 627 605 700 Ordo
634 628 922 701 contrahendi
945 625 1195 724 Sponsalia.

287 774 510 853 sponsaliorum
530 774 691 836 celebratio
712 785 757 836 est
771 785 852 835 uerte
865 757 1212 854 multumquelaudahitis
1229 771 1429 840 caerimonia;
1452 771 1506 831 sed

186 897 249 939 oum
264 896 320 937 neo
334 886 504 956 praecepta,
519 895 617 957 neque
632 880 800 945 necessaria
816 880 864 953 sit,
880 878 974 938 omitti
990 885 1090 956 potest
1103 877 1139 935 iis
1154 877 1184 935 iu
1196 875 1281 950 loeis,
1291 873 1340 934 ubi
1352 891 1411 933 nou
1422 882 1467 933 est
1477 874 1505 932 in

185 998 250 1059 risu.
290 979 346 1038 Ubi
364 997 437 1039 vero
453 978 640 1041 celebrantur
653 981 821 1060 sponsalia,
843 989 961 1041 moneat
975 976 1125 1039 Paroobus
1139 976 1340 1057 spondentes,
1363 980 1504 1037 caerimo-

186 1084 263 1144 niam
285 1081 380 1158 hauo,
404 1099 469 1141 oum
490 1101 527 1142 ex
546 1092 630 1162 parte
645 1085 833 1160 magistratus
849 1083 944 1142 civilis
959 1081 1038 1142 nulla
1057 1079 1256 1160 exspectanda
1270 1081 1308 1139 sit
1322 1079 1503 1154 assistentia,

186 1183 294 1247 nullam
310 1185 340 1243 iu
355 1185 537 1244 couscientia
552 1187 653 1246 sortiri
667 1185 892 1263 obligationem.
931 1184 1100 1261 Diligenter
1115 1185 1236 1262 insuper
1251 1182 1379 1260 inquirat
1393 1189 1424 1240 et
1437 1197 1503 1241 era-

159 1341 161 1346 .
186 1287 276 1353 oriuet
290 1286 492 1365 spondentes,
508 1305 544 1346 an
560 1296 681 1347 teneant
694 1287 859 1349 rudimenta
874 1287 961 1364 fidei,
979 1295 1009 1347 et
1023 1304 1059 1346 an
1073 1285 1270 1346 sufficientem
1284 1284 1437 1343 seientiam
1456 1280 1503 1342 ha·

187 1371 276 1450 beant
290 1388 468 1465 ofliciorum,
484 1391 602 1467 quaein
617 1391 801 1451 matrimonio
817 1399 874 1449 tum
890 1391 967 1449 iuter
980 1390 1076 1448 virum
1092 1397 1122 1449 et
1135 1377 1303 1462 foeminum,
1317 1394 1377 1444 tum
1389 1386 1418 1444 in
1438 1383 1505 1444 edu·

188 1490 305 1553 catione
320 1489 446 1569 prolium
462 1501 630 1554 occurrunt.
1448 1546 1452 1551 .

291 1591 440 1652 Paroobus
463 1602 585 1671 rogatus
604 1604 635 1654 ut
649 1593 837 1673 sponsalibus
851 1595 969 1654 assistat
982 1595 1011 1653 iu
1028 1593 1114 1654 domo
1130 1591 1289 1672 pastorali,
1312 1589 1506 1668 comparenti-

68 1737 76 1752 ,
188 1695 243 1754 bus
258 1693 365 1753 ibidem
380 1696 498 1774 sponsis
515 1713 676 1776 eorumque
691 1695 879 1775 parentibus,
901 1696 1131 1771 consanguineis
1145 1702 1195 1754 aut
1208 1693 1308 1753 amieis
1324 1685 1507 1770 quibusdam,

190 1798 312 1876 praevie
328 1794 494 1856 observatis
511 1800 629 1876 quaein
645 1817 752 1873 magno
767 1797 876 1857 Rituali
894 1807 1031 1858 annotata
1047 1806 1125 1873 sunt,
1141 1795 1314 1857 Germanice
1329 1793 1378 1853 vel
1396 1791 1507 1853 Gallice

189 1915 244 1979 pro
262 1897 321 1957 looi
337 1895 475 1957 idiomate
488 1899 654 1977 interroget
668 1918 811 1979 sponsos:

292 1988 327 2058 S.
356 1988 490 2062 Kennet
508 1989 566 2061 lhr
589 1991 669 2062 lrein
687 1992 955 2082 reohtmtissiges
983 1990 1204 2078 Hinderniss,
1231 1987 1388 2059 welobes
1409 1983 1508 2054 Eueb

71 2105 76 2115 “
190 2087 332 2180 mrfiibig
352 2091 497 2162 macheu
516 2092 657 2181 lrdunte,
685 2094 850 2165 einander
876 2118 919 2164 nu
940 2092 1137 2178 ebelioben,
1162 2090 1248 2163 oder
1267 2088 1355 2162 doob
1373 2089 1509 2178 wenig-

191 2201 285 2264 stens
312 2192 404 2261 niobt
425 2193 598 2283 erlaubte,
624 2196 719 2268 diese
740 2194 966 2287 Verbindung
989 2193 1231 2287 einuugeben?

294 2392 328 2468 S.
358 2392 454 2492 Seyd
478 2395 535 2468 lhr
559 2397 625 2470 irei
647 2422 718 2472 von
740 2400 842 2469 allern
862 2398 1101 2473 Ebebtindniss
1122 2397 1191 2469 und
1214 2397 1301 2466 aller
1319 2393 1510 2466 Ebeuerlo-

191 2497 285 2591 buug
310 2500 369 2569 mil
392 2499 584 2572 Anderen?

294 2701 328 2774 S.
359 2702 481 2775 Bindet
500 2703 598 2776 Euob
624 2707 704 2776 kein
728 2705 925 2797 geistliebes
953 2700 1127 2790 Gellibde,
1157 2704 1191 2770 in
1217 2697 1446 2786 Kousohbeit,
1477 2698 1510 2765 in

185 2805 419 2897 ,Entbaltung,
448 2806 534 2877 oder
555 2808 833 2879 unverheiratbet
856 2807 950 2876 Euer
972 2804 1088 2875 Leben
1108 2799 1369 2902 zuzubringen?

297 3007 330 3080 S.
361 3008 457 3103 Sepd
484 3007 542 3080 lbr
568 3010 660 3081 niobt
686 3014 743 3081 mit
768 3011 931 3082 einander
957 3006 1181 3096 befreundet,
1217 3005 1303 3077 oder
1330 2998 1511 3073 verwandt

193 3112 229 3181 ia
248 3113 360 3180 einem
375 3109 501 3199 Grade,
521 3111 581 3183 der
595 3111 693 3183 Euolr
712 3113 813 3184 beide
827 3114 996 3200 binderte,
1015 3111 1083 3182 den
1095 3107 1270 3183 Ebestand
1285 3099 1510 3179 ouutreten‘t

296 3322 351 3382 llio
364 3326 475 3402 poterit
488 3323 635 3388 Sacerdos
650 3345 704 3406 pro
719 3345 769 3387 sua
784 3326 949 3406 prudentia,
959 3327 1017 3387 boo
1029 3334 1085 3402 est,
1097 3321 1195 3386 habita
1210 3322 1323 3382 ratione
1336 3325 1429 3377 status
1443 3332 1511 3394 per·

195 3443 349 3502 sonarum,
371 3426 535 3487 alddaudos
557 3431 744 3508 interrogare
762 3430 798 3490 de
814 3431 993 3507 cognatione
1007 3425 1173 3508 spirituali,
1193 3422 1390 3505 proveniente
1407 3436 1446 3476 ex
1459 3416 1512 3476 Ba·

195 3516 302 3607 ptismo
318 3537 347 3587 et
359 3527 600 3607 Confirmatione,
616 3542 644 3593 et
659 3533 802 3592 sciscitari
817 3531 852 3592 ab
868 3533 922 3606 eis,
937 3551 973 3592 an
988 3550 1047 3592 non
1062 3530 1137 3602 alter
1150 3528 1273 3588 alterum
1289 3527 1318 3585 i'u
1330 3541 1397 3582 casu
1411 3537 1512 3580 neees-

196 3631 291 3689 aitatis
305 3629 521 3709 baptizaverit?
551 3634 596 3693 nn
611 3654 671 3696 uon
687 3655 703 3696 e
718 3633 918 3710 sacrofonte,
934 3634 984 3694 vel
998 3636 1104 3714 ipsum,
1120 3631 1169 3692 vel
1185 3629 1279 3709 ipsius
1296 3627 1438 3686 infantem
1452 3639 1512 3681 sus·

196 3729 334 3812 coperit?
366 3733 528 3795 dononio
545 3736 775 3798 Confirmatioue
790 3737 924 3797 Patrinus
939 3736 987 3797 vel
1002 3735 1125 3796 blattina
1143 3734 1254 3813 ipsius,
1274 3737 1323 3790 aut
1340 3728 1404 3786 eius
1421 3723 1513 3784 infan-

197 3835 234 3894 tis
248 3831 363 3894 luerit?
389 3834 564 3915 Praeterea,
586 3842 611 3900 si
626 3839 862 3920 sponsaodorum
877 3839 952 3900 alter
967 3838 1095 3899 nondum
1108 3838 1147 3898 sit
1161 3853 1215 3915 per
1230 3840 1356 3894 aetatem
1371 3829 1415 3889 sui
1430 3827 1514 3900 iuris,

196 3944 280 4017 petet
301 3945 393 3998 utrum
417 3949 577 4018 parentes,
597 3952 709 4005 tutores
724 3951 754 4001 et
768 3941 835 4019 alii,
857 3941 894 4001 ad
909 3961 983 4021 quos
1002 3948 1134 4022 spectat,
1155 3941 1185 3999 iu
1200 3953 1301 3998 eorum
1316 3929 1467 4012 sponsalia
1486 3934 1515 3987 et

196 4039 325 4099 futurum
348 4039 533 4121 subsequens
546 4044 763 4107 blatrimonium
786 4042 996 4105 consentiant?
1024 4043 1110 4118 Quod
1131 4050 1312 4122 postremum
1331 4035 1367 4095 ab
1382 4033 1516 4113 ipsismet

197 4141 380 4218 pareatibus,
396 4154 444 4204 aut
460 4147 608 4207 tutoribus
622 4149 738 4228 exquiri
753 4155 886 4226 oportet.
930 4147 1003 4207 Turn
1017 4147 1132 4208 demum
1148 4139 1362 4217 interrogabit:

299 4233 332 4304 S.
359 4234 481 4308 Stellet
504 4239 561 4310 lbr
583 4238 681 4310 Euob
701 4241 775 4311 bier
796 4242 852 4309 ein
872 4262 934 4313 aus
952 4262 1039 4333 gana
1058 4239 1179 4312 freiem
1194 4233 1325 4306 Willen
1343 4228 1411 4300 und
1427 4225 1518 4296 olrno

184 4331 355 4425 'Zwang‘l

205 4559 402 4570 ———-

260 4600 287 4677 t)
304 4608 407 4664 Collato
421 4619 461 4665 est
473 4600 587 4681 Agenda
600 4613 820 4671 llonasteriensis
834 4616 896 4671 anni
908 4618 984 4676 1712.
