3202 5176
748 318 822 389 411

139 514 233 579 tertlo'
247 513 325 577 dieto
344 509 453 575 labium
472 509 617 592 ampullae
638 518 812 575 reverenter
823 511 992 573 osculantur
1006 520 1036 573 et
1048 510 1084 573 ad
1097 528 1150 572 sua
1162 510 1228 581 loca
1242 522 1438 578 revertuntur.

139 621 206 695 Quo
225 625 345 700 peracto
359 613 486 695 ampulla
498 598 531 675 ιιι
542 632 600 677 uno
613 613 707 684 latere
719 631 840 676 memma
853 614 1025 681 collocetur.
1059 611 1098 675 lit
1114 632 1182 678 mox
1196 613 1342 677 Diaconos
1356 615 1440 679 aliam

139 721 294 802 ampullam
313 735 366 782 sua
384 725 470 779 veste
491 724 661 798 coopertam
681 735 746 778 com
765 716 833 779 oleo
847 714 1126 780 Catachumenorum
1146 715 1247 781 lenens
1269 719 1382 781 aceedit
1404 719 1441 781 ad

138 805 336 904 praesentim
355 819 506 901 pontilicis
521 830 552 882 et
570 817 724 900 ampullam
743 819 841 901 ipsam
857 820 922 881 sine
943 818 1094 901 mappula,
1113 836 1198 899 quam
1210 819 1357 887 Diaconos
1376 823 1442 902 ipse

140 927 230 989 crim
240 923 349 987 collum
363 920 809 1000 retinet·tr‚adithrohidiacono
824 923 873 1001 qui
887 922 964 983 illam
977 922 1141 1002 suscipiens
1155 939 1219 983 eam
1227 922 1356 984 ostendit
1366 923 1441 986 Pon·

140 1029 211 1091 tihei
226 1027 397 1091 etcollo'cat
410 1042 501 1106 super
513 1025 686 1087 mensamiu
697 1023 795 1086 medio
806 1033 876 1093 ante
886 1024 1067 1102 l'ontilicem,¹
1090 1042 1181 1105 super
1195 1026 1444 1106 quamamputllam

138 1132 237 1211 statim
256 1138 313 1191 tam
333 1132 397 1209 ipse
411 1126 551 1193 Pontifex
566 1145 650 1207 quam
663 1128 750 1188 etiam
764 1124 917 1199 duodecim
930 1127 1099 1203 recenseas
1115 1126 1229 1204 halant,
1251 1138 1338 1208 prout
1354 1144 1443 1210 supra

139 1234 246 1295 lactum
267 1241 323 1296 est.
360 1229 427 1304 Quo
444 1229 522 1290 lacto
538 1228 677 1291 Pontilex
690 1246 818 1306 surgens
832 1248 897 1291 cum
909 1231 992 1291 mitra
1006 1228 1148 1291 submissa
1160 1247 1237 1291 voce
1250 1229 1379 1310 legendo
1393 1231 1442 1293 ab·

139 1335 238 1398 solute
250 1332 444 1397 exorcismum
458 1330 518 1394 olei
533 1327 814 1393 catechumenorum
828 1330 910 1393 dicit:

387 1456 638 1530 Benedictio
664 1454 752 1529 olai
779 1456 1190 1529 Outechamenorum.

240 1570 415 1662 Exordiuo
442 1586 477 1648 te
508 1587 663 1649 creatura
686 1575 763 1647 olei
808 1574 847 1646 ln
871 1579 1008 1648 nomine
1028 1575 1095 1648 Dei
1115 1573 1271 1668 Pa†tris
1293 1580 1404 1674 omnip
1407 1600 1446 1649 o-·

140 1680 241 1753 tentis
271 1688 306 1751 et
331 1682 367 1751 in
386 1676 524 1755 nomine
544 1676 624 1752 lesu
646 1674 679 1769 ι
703 1675 827 1752 Christi
853 1688 887 1750 et
908 1676 1053 1775 Spiritus
1074 1674 1106 1769 ι
1128 1676 1244 1751 Sancti
1265 1683 1336 1751 ut
1326 1702 1361 1751 ιι
1380 1603 1444 1750 ιιι

138 1784 358 1855 invocatione
378 1779 572 1854 individuae
591 1776 793 1853 Trinitatis
784 1793 884 1902 atque
903 1785 1002 1854 unius
1021 1784 1146 1852 virtute
1168 1780 1314 1871 deitatis,
1337 1774 1444 1854 omnis
1498 1874 1500 1879 Ι

139 1885 351 1981 nequissima
367 1886 485 1957 virtus
504 1882 694 1969 adversarii
716 1887 823 1957 omnis
844 1888 1033 1956 inveterata
1058 1885 1184 1954 malitia
1208 1882 1351 1974 diaboli,
1374 1906 1445 1955 onr-
1519 1970 1521 1974 .

140 1988 193 2059 nis
214 1986 397 2060 violenta
386 1988 551 2076 incursio,
573 2006 674 2058 omne
699 1984 878 2060 confusum
904 1996 938 2058 et
963 2005 1092 2056 merum
1117 1985 1314 2081 phantasma
1336 1985 1446 2058 eradi

141 2096 238 2160 cetur
264 2098 299 2160 et
325 2087 494 2182 effugetur
516 2099 551 2160 et
578 2088 731 2162 discedat
756 2099 852 2177 ate,
883 2098 921 2162 ut
943 2088 1064 2161 divinis
1088 2092 1308 2162 sacramentis
1332 2087 1450 2185 purili-
1507 2114 1510 2118 ·

141 2198 217 2261 cata
241 2188 303 2264 lias
326 2193 363 2262 in
389 2190 608 2287 adoptionem
630 2195 742 2264 carnis
765 2202 799 2264 et
825 2193 960 2288 spiritus
987 2193 1057 2278 eis,
1087 2190 1144 2284 qui
1170 2214 1216 2263 ex
1242 2201 1277 2264 te
1296 2186 1449 2284 ungendi

140 2295 248 2366 sunt
238 2312 274 2362 ιιι
293 2288 529 2367 remissionem
549 2297 697 2366 omnium
714 2304 945 2389 peccatorum,
964 2303 1000 2364 ut
1019 2290 1209 2364 efficiantur
1230 2313 1348 2364 eorum
1370 2312 1446 2363 cor-

140 2413 227 2491 pora
250 2391 293 2466 ad
315 2416 447 2466 omnem
468 2397 611 2491 gratiam
629 2396 841 2494 spiritualem
860 2393 1105 2493 accipiendam
1113 2393 1329 2467 sanctificata.
1379 2395 1459 2465 Per'

140 2496 298 2569 eundem.
305 2493 337 2596 ¹)
373 2494 489 2569 Deinde
504 2504 639 2592 deposita
653 2510 737 2569 mitra
752 2508 891 2570 Pontiiex
907 2517 987 2574 stans
1001 2505 1150 2568 benedicit
1166 2506 1273 2568 dictum
1287 2507 1383 2569 oleum
1393 2505 1444 2584 Ga·

140 2608 383 2687 ιιιιιιιιοιιοιιιιι
400 2610 501 2671 eadem
516 2628 593 2673 voce
607 2610 721 2673 dicens:
749 2602 847 2673 Dom.
870 2600 949 2673 vob.
993 2605 1035 2692 Pp.
1062 2597 1107 2671 Et
1129 2620 1214 2672 oum.

244 2703 388 2775 Oranus.
430 2700 525 2777 Deus
541 2706 827 2776 incrementorum
846 2705 993 2776 omnium
1011 2712 1045 2774 et
1060 2699 1275 2798 profectuum
1292 2702 1451 2798 spiritua·
1550 2749 1557 2772 .

140 2805 222 2877 hum
250 2801 493 2878 ⁴remunerator
523 2809 581 2902 qui
605 2809 731 2879 virtute
763 2799 880 2879 Sancti
911 2804 1055 2901 Spiritus
1088 2804 1332 2881 imbecillarum
1354 2824 1448 2875 men-

139 2910 224 2978 tium
245 2907 434 2979 rudimenta
457 2908 650 2999 confirmes,
671 2921 705 2981 te
729 2931 865 2983 oramus
886 2909 1032 2980 Domine
1054 2919 1091 2979 ut
1117 2911 1271 2979 emittere
1298 2907 1448 2999 digneris

141 3018 236 3079 tuam
258 3009 581 3103 benetdtcuenem
601 3033 708 3106 super
729 3011 795 3084 hoc
819 3013 933 3085 oleum
953 3020 987 3082 et
1009 3014 1162 3085 venturis
1188 3011 1232 3082 ad
1250 3011 1372 3082 beatae
1393 3033 1449 3080 re-

143 3106 375 3201 generationis
404 3111 579 3185 lavacrum
598 3112 727 3187 tribuas
751 3138 815 3210 per
833 3117 1027 3186 unctionem
1049 3111 1148 3186 huius
1171 3123 1347 3184 creaturae
1368 3133 1447 3204 pur-

89 3244 92 3249 ·
141 3213 316 3305 gationem
341 3217 462 3289 mentis
488 3225 523 3288 et
549 3219 726 3311 corporis,
751 3227 790 3288 ut
813 3220 842 3291 si
869 3214 1049 3311 quasillis
1075 3215 1326 3287 adversantium
1351 3213 1448 3305 spiri-

141 3324 238 3389 tuum
269 3314 448 3390 inhaesere
472 3319 650 3406 maculae
677 3317 720 3397 ad
745 3329 871 3392 tactum
893 3317 1089 3392 sanctificati
1115 3317 1185 3389 olei
1206 3316 1304 3387 huius
1331 3312 1448 3387 absce-

140 3416 236 3505 dunt,
254 3417 369 3495 nullus
390 3420 620 3514 spiritualibus
639 3423 797 3515 nequitiis
816 3420 928 3509 locus,
949 3419 1043 3491 nulla
1060 3418 1192 3510 relegis
1209 3415 1451 3490 virtutihust
1406 3426 1451 3490 ιιι

140 3512 300 3609 facultas,
320 3521 414 3593 nulla
435 3522 669 3597 insidiantibus
690 3524 789 3598 malis
810 3524 937 3596 latendi
956 3523 1092 3594 licentia
1112 3521 1330 3617 relinquatur.
1379 3516 1451 3592 Sed

140 3621 358 3697 venientibus
383 3623 426 3696 ad
451 3624 552 3697 iidem
573 3628 686 3700 servis
710 3630 777 3701 tuis
803 3637 839 3699 et
864 3625 981 3700 Sancti
1005 3621 1150 3720 Spiritus
1175 3627 1225 3696 ιιι
1250 3623 1450 3717 operatione

140 3710 343 3798 mamsedis
365 3728 409 3800 sit
434 3729 602 3802 unctionis
629 3728 727 3801 huius
753 3731 968 3825 praeparatio
994 3727 1085 3799 utilis
1112 3726 1154 3797 ad
1181 3726 1324 3800 salutem
1351 3744 1450 3819 quam

140 3826 246 3899 etiam
264 3827 426 3907 coelestis
447 3833 719 3923 regenerationis
738 3833 939 3905 nativitate
930 3853 965 3902 ιιι
984 3828 1204 3904 Sacramenta
1226 3839 1303 3905 sunt
1319 3825 1449 3920 Baptis

139 3922 242 4021 matis
263 3928 428 4026 adepturi.
474 3933 541 4004 Per
562 3933 661 4006 Dom.
671 3929 729 4030 2)

214 4099 347 4180 1)llahet
364 4104 505 4161 lormulam
520 4104 651 4164 Gelasimo.
684 4106 804 4163 chrsti
824 4106 896 4163 lilii
916 4106 994 4162 eius
1008 4105 1099 4162 hanc
1113 4100 1374 4162 invocationem
1389 4096 1449 4153 tri-

140 4200 207 4244 mae
221 4188 426 4261 potestatis
441 4190 729 4262 atquevirtutem
744 4192 776 4247 l).
791 4221 833 4232 -
848 4189 1052 4248 violentiae
1070 4207 1139 4246 occ.
1158 4220 1195 4231 -
1211 4183 1401 4242 eradicare
1416 4188 1450 4267 et

140 4270 315 4343 elingere
337 4280 373 4330 et
399 4272 545 4331 diseede
565 4292 580 4333 a
601 4281 770 4334 creatura
786 4274 888 4332 huius
904 4274 992 4345 olei,
1014 4274 1055 4331 ad
1070 4267 1450 4331 utilitatemzuomtuum

141 4357 344 4416 constituta
366 4365 403 4415 ut
424 4358 492 4416 liat
512 4360 598 4418 haec
620 4359 746 4417 unctio
767 4361 832 4417 div.
855 4378 944 4419 sacr.
959 4378 1031 4434 pur.
1047 4361 1081 4415 in
1096 4357 1142 4414 ad.
1158 4389 1200 4398 -
1215 4353 1394 4428 eisqueex
1409 4368 1449 4408 eo

140 4457 279 4512 ungere
301 4444 432 4501 hahent
453 4443 489 4502 in
508 4462 643 4503 rem—
660 4445 850 4503 alliciatur
864 4446 898 4502 ιιι
914 4447 965 4504 eis
981 4459 1171 4516 corporum
1186 4439 1268 4496 ado.
1286 4455 1315 4510 g.
1331 4455 1356 4494 a.
1372 4453 1450 4493 san-

134 4526 326 4585 ctiliouta.
381 4580 384 4584 ,
446 4554 449 4559 ·

214 4609 247 4691 ι)
264 4611 299 4671 ll.
320 4613 539 4690 spiritalium
561 4614 620 4690 qui
641 4618 668 4674 v.
705 4615 735 4673 (i.
751 4617 986 4690 spiritalium.
1017 4610 1266 4686 despiciens
1285 4606 1345 4666 tui.
1374 4605 1404 4662 (ι.
1419 4605 1450 4667 li.
