3202 5176
789 322 929 406 33Ι

145 533 218 615 dere
231 531 350 594 videtur
362 533 398 595 ad
417 530 568 596 cunonem
587 520 711 612 Optatus
724 529 913 594 blile'vitauus
928 530 973 594 bis
995 532 1112 596 verbis:
1143 532 1273 616 Offerre
1288 541 1348 599 ιιι
1368 528 1468 600 dicitu

141 651 201 713 pru
210 632 340 696 ecclesio
353 640 600 714 „tototerroraen
612 630 709 713 ιινιιιιι
722 630 843 714 diffuso.
867 636 960 698 Porro
969 641 1285 718 auctorquaestionum
1299 640 1417 702 Veteris
1432 660 1467 703 ao

143 737 222 800 Nori
236 736 418 813 Testamenti
432 738 509 820 apud
522 737 717 817 Augustiuum
736 736 840 814 (Tem.
859 736 909 800 lll.
933 739 979 800 ed.
995 739 1087 800 biaur.
1113 742 1143 801 in
1166 741 1342 823 Appendiee
1364 744 1466 819 Quart.

142 835 297 921 p.=109.)
323 842 430 903 asserit
450 850 564 925 quaest.
587 838 661 902 cix.
693 838 913 901 Melchisedech
935 860 1002 902 esse
1027 842 1143 922 quidem
1170 845 1373 924 sacerdotem,
1410 846 1464 907 sed

144 959 365 1021 nonsummum,
379 950 422 1021 ut,
437 944 542 1023 iuquit,
551 944 582 1004 iu
590 941 741 1004 oblatione
756 952 946 1023 praesumunt
961 946 1116 1005 antistites.
1135 944 1399 1036 Habes-praeterea
1411 947 1464 1008 (ia⁴

142 1061 251 1106 nonem
266 1042 450 1106 Gelasimum
465 1043 652 1122 Gregoriano
672 1062 733 1105 ιιοιι
746 1045 871 1105 similem
889 1045 942 1105 sed
957 1064 1052 1125 paene
1069 1048 1099 1106 iu
1114 1048 1249 1109 omnibus
1269 1068 1379 1128 parem.
1407 1048 1478 1114 lla·.

143 1145 196 1208 bet
210 1146 339 1226 denique
351 1140 610 1208 Ambrosiasterin
625 1154 729 1225 quarto
748 1145 826 1207 libro
846 1147 883 1206 de
898 1148 1094 1208 Sacramentis
1109 1150 1209 1228 multa,
1225 1168 1300 1230 quae
1321 1146 1462 1231 excerpta

147 1264 267 1335 esseex
281 1266 395 1310 canone
410 1250 497 1309 nemo
513 1265 573 1310 non
586 1246 679 1310 ridet.
698 1246 829 1308 'l'audem
844 1249 922 1310 inter
936 1249 1061 1310 Sanctus
1071 1248 1401 1313 inCauonerecitantur
1413 1271 1461 1314 so·

143 1350 203 1410 lum
222 1348 360 1431 Apostoli
375 1369 410 1412 ac
430 1350 593 1429 liartyres,
615 1351 779 1412 reticentur
799 1352 916 1411 nomina
939 1348 1162 1414 confessorum.
1178 1417 1184 1425 ,
1199 1355 1313 1414 Scimus
1338 1336 1459 1437 saeculo

144 1453 248 1532 quinto
263 1451 418 1514 Nartioum
436 1462 525 1534 atque
540 1451 681 1513 Hilarium
697 1452 909 1514 celebratiores
925 1454 1018 1516 luisse
1033 1474 1117 1535 quam
1133 1464 1279 1517 uteorum
1294 1446 1411 1518 nomin'a
1428 1457 1459 1517 iu

141 1554 263 1632 liturgia
277 1538 388 1616 saeculi
404 1556 497 1635 quinti
512 1554 561 1616 rel
575 1555 654 1616 sexti
669 1556 786 1634 possint
797 1555 969 1616 desiderari.
997 1557 1056 1618 Sed
1071 1558 1265 1638 procedamus
1280 1558 1317 1620 ad
1331 1559 1458 1637 singula.

245 1656 322 1718 Xlll.
374 1657 441 1719 Vat.
467 1657 555 1718 Virrd.
584 1641 641 1720 SB.
666 1656 712 1720 Pt.
743 1660 820 1716 oum
841 1659 1068 1719 beatissimo
1095 1661 1239 1721 famulo
1271 1670 1333 1721 tuo
1363 1674 1457 1741 papa

142 1758 345 1821 uostroill.
360 1758 488 1838 Reliqua
503 1758 618 1818 desunt.
658 1756 765 1833 blagua
780 1766 809 1817 et
823 1760 853 1817 in
867 1759 926 1818 hoe
943 1761 1038 1838 capite
1053 1760 1194 1821 librorum
1219 1764 1357 1821 uarietas.
1397 1761 1460 1820 Alii

142 1860 424 1938 inseruntregisvel
438 1860 752 1941 imperatorisnomeu,
768 1859 818 1919 alii
836 1851 973 1921 dmittunt
987 1861 1160 1940 antistitem,
1175 1850 1257 1922 multi
1271 1881 1330 1923 nou
1347 1862 1455 1922 habent

140 1962 234 2024 verba
250 1971 286 2022 et
301 1961 477 2023 omnibus
496 1961 726 2023 orthodoxis
741 1971 855 2041 atquae
872 1972 1045 2042 sequuntur.
1074 1963 1158 2043 Apud
1177 1974 1297 2025 veteres
1313 1966 1390 2024 enim
1406 1982 1456 2025 no-

142 2064 335 2145 minal'apae,
349 2064 551 2145 Imperatoris,
566 2065 679 2143 Regis,
695 2063 837 2145 Episcopi
859 2083 917 2125 non
937 2066 1049 2126 inserta
1069 2075 1152 2126 erant
1173 2066 1250 2127 libro
1271 2065 1382 2127 Nissali
1404 2067 1456 2127 sed

143 2166 395 2247 praelegebautur
409 2167 679 2250 exlliptyebrs
695 2165 740 2229 [ιι.
744 2164 920 2245 Augusti
935 2167 1059 2228 Denkw
1074 2166 1180 2247 Xll..p
1198 2166 1304 2228 303-
1313 2164 1384 2229 312.
1411 2169 1457 2228 lle

143 2276 215 2351 nota
241 2269 287 2332 lll.
313 2269 408 2330 Lucas
423 2269 638 2331 ''llolsteoius
629 2288 658 2330 ιιι
681 2256 871 2331 Praelatione
894 2269 930 2330 ad
956 2269 1073 2331 Librum
1095 2270 1237 2332 Diurnum
1257 2271 1455 2332 Romanorum

142 2371 344 2433 Pontificum:
378 2369 416 2432 ld
426 2390 519 2432 unum
533 2371 639 2432 cenam
648 2389 709 2432 nort
725 2340 1032 2458 prdetcrma’tteodum,
1046 2372 1156 2450 quod
1143 2392 1175 2432 an
1185 2374 1392 2448 manuscripto
1405 2390 1454 2432 eo-

140 2472 208 2534 ds’ee
224 2456 404 2550 frequenter-
417 2472 568 2532 bubaston·
579 2472 738 2534 bucenotn
750 2472 798 2535 ttt.
789 2512 814 2550 .,
829 2490 890 2552 quo
903 2473 1028 2534 ciebunt
1016 2480 1067 2533 ter
1077 2481 1197 2535 ueteres
1210 2475 1252 2535 ud
1264 2474 1456 2535 indicendum
1579 2510 1584 2519 -

136 2573 398 2650 propmrnonarses
410 2573 668 2635 lamentabundae
687 2572 725 2638 N
740 2573 777 2635 N.
794 2589 867 2650 posse
861 2574 1001 2634 'solitum
1014 2582 1069 2635 est.
1106 2576 1247 2636 blittimus
1268 2577 1432 2637 codicum
1423 2595 1452 2635 ιιι

140 2679 236 2739 crucis
253 2677 529 2755 consignationibus
543 2679 572 2736 in
587 2677 646 2765 boe
661 2678 756 2757 eapite
767 2686 802 2736 et
823 2677 893 2767 alias
916 2677 1124 2740 diversitatem.
1152 2677 1253 2738 lincea
1269 2677 1454 2736 librariorum

141 2778 354 2857 negligentiam
368 2780 483 2858 'arguit;
504 2787 622 2859 poterat
636 2780 878 2839 caerimoniarum
894 2781 923 2838 in
938 2782 1055 2858 antiqua
1076 2778 1203 2839 ecelesia
1217 2778 1454 2858 discrepantiam.

148 2912 188 2925 -
207 2882 294 2957 Quod
311 2882 347 2943 ad
363 2882 484 2942 aliarum
499 2881 690 2942 eeclesiarum
703 2882 801 2957 ritum,
821 2879 977 2939 blenardus
997 2879 1082 2939 allent
1106 2879 1244 2959 Optatam
1262 2868 1362 2942 liilev.
1384 2898 1454 2940 eon·

141 2992 186 3045 tra
204 2984 374 3046 Donatistae
397 2985 609 3064 disputantem:
635 2980 715 3043 Num
731 2981 800 3059 quis
815 2979 928 3042 dubitet
944 2998 1001 3042 eos
1020 2980 1096 3041 illaad
1108 2980 1301 3060 lepita'mem
1287 2999 1319 3040 an
1340 2981 1453 3044 Socra·

139 3090 306 3146 medones
317 3085 460 3166 mysterio
469 3083 825 3164 proeterircnonposse.
861 3080 1159 3163 Offerreeosde'eitis
1170 3081 1363 3159 praecedento
1375 3095 1454 3160 quus

139 3193 274 3250 estune:
288 3188 376 3250 bec
363 3204 463 3267 speum
481 3186 631 3248 mendacii
648 3192 790 3278 estpars
812 3202 904 3246 unum
926 3192 955 3247 te
968 3202 1081 3271 eccere
1098 3185 1136 3246 de
1152 3200 1215 3264 quo
1231 3183 1345 3262 feceris
1361 3184 1452 3247 daus.
1520 3230 1524 3235 .

141 3290 182 3352 At
195 3309 255 3367 uon
275 3291 384 3370 rideo,
409 3292 595 3372 quaratione
608 3290 654 3350 bis
677 3290 777 3371 Optati
795 3290 879 3350 verbi
901 3290 999 3349 evinci
1019 3291 1132 3369 possit,
1174 3288 1298 3349 Afros
1287 3305 1317 3348 ιιι
1339 3304 1453 3348 canone

142 3410 260 3455 orasse:
285 3411 356 3474 pro
371 3394 541 3485 eeclesia
556 3382 755 3454 catholica
772 3401 949 3472 quaeest
977 3410 1056 3452 una.
1080 3389 1232 3451 Neminem
1251 3390 1344 3466 fugit,
1363 3389 1452 3468 Opta·

141 3504 202 3557 tum
223 3496 379 3557 ecelesiam
399 3515 503 3557 unam
526 3495 670 3574 vocasse,
691 3512 767 3576 quae
787 3496 818 3555 in
832 3512 953 3556 eanone
973 3503 1097 3554 vocatur
1118 3491 1327 3573 catholica.
1368 3491 1452 3552 Utra-

141 3614 200 3678 que
214 3614 276 3656 vox
293 3597 371 3656 idem
386 3596 504 3657 valebat
518 3584 596 3657 ansb
616 3593 650 3656 sd
669 3590 901 3675 σημαινόμενον.
923 3595 963 3656 bl.
977 3595 1000 3656 1.
1023 3614 1097 3674 quae
1119 3595 1214 3652 minus
1236 3610 1342 3672 preces
1356 3593 1451 3674 publi·

142 3718 192 3761 eas
207 3716 291 3778 quam
302 3699 453 3760 orationes
461 3700 598 3779 privatim
614 3698 751 3758 dicendum
766 3701 908 3774 eontinet,
924 3698 998 3769 baec
1012 3697 1110 3755 iubet:
1127 3693 1243 3754 Deinde
1253 3712 1322 3754 eum
1333 3712 1451 3755 omnmo

139 3800 313 3891 reverentia
329 3800 463 3878 incipiat.
502 3799 541 3861 Te
553 3799 655 3879 lpidus,
679 3804 708 3859 et
725 3797 855 3859 ministri
871 3803 988 3858 stolatae
1017 3798 1049 3856 in
1071 3796 1218 3875 prodidero
1245 3798 1312 3858 suis
1331 3798 1451 3860 content

139 3904 218 3966 istos
227 3903 362 3983 psalmos
374 3919 471 3982 esque
485 3902 565 3965 dena
575 3901 616 3963 l'c
626 3901 860 3982 ipiturfiru'ctur.
885 3902 1053 3980 Sequuntur
1070 3919 1178 3981 preces
1197 3901 1344 3979 diversae,
1359 3920 1450 3982 porro

140 4009 306 4088 praemisso
323 4007 410 4069 titulo
431 4006 539 4068 luira
568 4007 645 4068 aeti
658 4024 779 4070 ouem:
811 4003 954 4082 inponas
977 4020 1039 4063 eno
1065 4021 1133 4064 eum
1149 4000 1267 4080 samolo
1293 4010 1344 4064 tuo
1365 4002 1450 4080 Popo

138 4116 245 4170 nostro
260 4107 298 4170 N.
312 4115 343 4170 et
354 4126 415 4186 pro
428 4108 565 4170 omnibus
578 4107 755 4169 ortbodoes's
767 4114 858 4186 atque
872 4106 1057 4186 apostolicae
1068 4105 1142 4185 fidei
1155 4104 1332 4183 coltorsbus,
1351 4104 1448 4183 porrii-

136 4211 247 4291 fiet'bas
263 4218 294 4272 et
306 4209 475 4290 abbatibus,
487 4210 741 4291 qcbemctortdcs
752 4215 783 4271 et
795 4210 963 4272 rectoribus
980 4208 1126 4270 eeclesiae
1138 4214 1267 4269 sanctos
1277 4207 1336 4270 Dei
1351 4212 1448 4282 cipro

139 4332 220 4374 omres
215 4313 341 4392 populo
356 4322 462 4376 sancto
473 4314 540 4378 Det.
575 4316 630 4377 l..‘
622 4334 652 4375 ιιι
666 4316 720 4375 bae
735 4315 855 4375 canonis
869 4325 953 4395 parte
967 4314 1038 4373 iacit
1048 4332 1117 4372 cum
1131 4310 1326 4390 Gregoriano.

243 4416 321 4478 xiv.
374 4417 418 4478 ΕΙ
434 4417 514 4496 lllog.
530 4436 556 4479 e.
572 4436 597 4479 a
612 4416 687 4478 tibi
709 4417 937 4479 reddunt—
955 4414 1217 4478 Rectedleuinus:
1237 4406 1311 4469 Cum
1324 4406 1449 4470 dieitur:

140 4515 290 4587 umente
314 4516 464 4583 Domitia·
459 4526 521 4581 ete.
539 4525 570 4580 et
593 4517 640 4578 ste
664 4516 770 4579 deinde
782 4518 974 4609 medianpa'ter
998 4524 1029 4578 et
1048 4516 1177 4577 omnium
1194 4494 1451 4573 circumstantium

139 4620 198 4699 (lta
211 4622 409 4695 recentiorum
417 4623 559 4685 modicum
570 4620 738 4703 sumptura)
752 4620 944 4701 menifestum
956 4626 1011 4698 est
1037 4617 1119 4697 qood
1136 4632 1225 4695 quom
1219 4614 1354 4695 quidum
1367 4613 1453 4674 loeus
1564 4646 1569 4657 ·

1225 4715 1245 4778 3
