3202 5176
757 330 833 404 8¹13

131 519 270 596 uitari
288 516 464 610 Reliquias
490 511 695 589 Sanctorum
717 472 765 587 Ν.·
786 527 821 588 et
847 514 887 588 N.
916 515 993 600 Deo
1018 521 1181 615 propitia,
1206 521 1289 616 poni
1315 523 1473 598 decrevi-

156 622 251 709 ιιιιιὲ,
278 630 315 690 et
330 622 365 689 in
386 620 485 691 altari
502 616 542 689 N.
552 618 623 689 vel
639 621 675 689 iu
692 619 772 692 loeo
790 616 831 690 N.
850 629 929 693 suut
946 640 1095 716 corpora
1112 623 1172 694 vel
1188 623 1369 721 Reliquiae
1388 624 1474 700 Suu«

156 735 289 807 monum
312 720 352 793 N.
377 723 412 791 'et
432 718 487 811 Ν,
515 741 604 816 quae
624 720 687 793 vel
712 742 797 815 quas
824 724 882 816 qui
906 721 1036 793 devote
1061 724 1266 815 visitaverit,
1294 728 1475 821 indulgeu-

155 826 237 899 tiam
256 823 298 895 Ν.
317 843 383 919 per
403 820 444 894 N.
468 840 671 896 eoncessum
693 822 865 895 obtinebit
910 822 985 898 Vos
1009 827 1149 920 insuper
1170 846 1321 918 monem·
1348 829 1475 905 iratres

156 928 343 1015 carissimi,
369 933 407 996 ut
434 925 609 1015 decimas,
624 944 712 1020 quae
737 935 818 999 suut
843 926 958 998 divina
984 927 1121 1019 tributa,
1136 932 1283 1024 integre
1305 930 1475 1005 Ecclesiis

157 1042 193 1103 et
210 1027 456 1103 Sacerdotibus
476 1028 696 1123 persolvatis
723 1027 813 1102 'llas
835 1029 900 1103 sibi
926 1029 1093 1103 Dominus
1115 1032 1158 1102 ad
1184 1033 1391 1108 universalis
1414 1034 1501 1106 dot·

156 1135 250 1204 minii
276 1132 411 1224 siguum
436 1134 641 1204 reservavit.
696 1122 826 1202 Audite
851 1140 1005 1204 sanctum
1031 1131 1283 1225 Augustinum=
1310 1135 1475 1207 Decimae

157 1232 281 1306 tributu
303 1236 578 1326 contegentium
599 1235 795 1305 ammarum.
837 1231 968 1318 Quodsi
988 1234 1138 1310 decimas
1159 1235 1309 1328 dederis,
1328 1257 1399 1309 uon
1419 1256 1476 1312 so·

158 1337 229 1408 lum
253 1334 492 1408 abunduntiam
514 1335 687 1410 fruetuum
711 1337 874 1430 recipies,
900 1336 962 1409 sed
989 1340 1090 1409 etiam
1117 1340 1475 1435 sumitatemoorpuris

158 1449 193 1510 et
219 1436 353 1510 animae
377 1440 610 1531 consequeris.
656 1435 735 1508 Nou
759 1440 864 1529 igitm
886 1438 1053 1511 Dominus
1073 1438 1170 1514 Deus
1195 1444 1385 1537 praemium
1414 1462 1475 1536 po·
1558 1474 1563 1480 ·

159 1541 274 1630 stulat
301 1539 364 1612 sed
390 1537 568 1637 bonorem.
611 1538 708 1609 Deus
735 1541 826 1609 enim
850 1549 982 1628 noster,
1008 1543 1067 1634 qui
1093 1541 1250 1634 dignatus
1278 1552 1343 1633 est,
1368 1552 1478 1617 totum

159 1644 257 1730 darc,
284 1643 449 1711 decimam
475 1661 495 1708 a
522 1639 621 1712 nobis
644 1639 803 1731 dignatus
826 1650 880 1712 est
905 1643 1076 1736 recipere,
1102 1661 1173 1713 nou
1199 1643 1264 1716 sibi
1287 1645 1352 1718 sed
1377 1644 1477 1718 nobis

159 1747 236 1819 siue
258 1742 361 1814 dubio
378 1740 611 1836 profuturam.
654 1739 728 1822 Sed
749 1745 779 1815 si
800 1740 930 1814 tardius
951 1741 1036 1812 dare
1055 1752 1236 1837 peccatum
1262 1752 1327 1832 est,
1351 1753 1478 1840 quanto

159 1848 258 1941 peius
286 1855 429 1918 estnon
452 1842 614 1916 dedisse?
659 1842 713 1914 De
733 1844 863 1932 militia,
888 1839 933 1914 de
956 1846 1112 1936 negotio,
1140 1845 1185 1917 de
1206 1844 1349 1917 artifieio
1369 1844 1479 1917 redde

160 1948 320 2022 decimas.
367 1938 452 2018 Cum
473 1945 735 2021 enimdeeimas
756 1945 870 2018 dando
894 1954 932 2016 et
951 1955 1089 2017 terrena
1116 1956 1151 2018 et
1176 1948 1343 2020 coelestia
1365 1949 1479 2045 possis

159 2053 311 2145 praemia
323 2051 528 2147 promereri,
541 2070 648 2142 quare
660 2069 724 2144 pro
737 2050 881 2121 avaritia
896 2047 1022 2142 duplici
1033 2047 1274 2121 benedictione
1281 2047 1479 2122 fraudaris?

160 2150 256 2223 llaec
270 2162 323 2226 est
336 2154 425 2223 enim
434 2151 500 2221 Dei
513 2152 697 2224 iustissima
711 2148 939 2239 consuetudo,
952 2158 991 2220 ut
1004 2153 1082 2223 situ
1095 2149 1145 2223 illi
1160 2152 1325 2223 decimam
1337 2172 1407 2223 nou
1420 2150 1480 2222 de⁴

162 2254 267 2342 deris,
281 2262 318 2324 tu
333 2252 376 2324 ad
390 2253 556 2329 decimam
569 2253 758 2326 revoceris.
781 2250 889 2331 Dabis
902 2253 1007 2348 impio
1020 2250 1236 2348 militi‚.quod
1249 2272 1321 2324 nou
1333 2253 1480 2326 visduro

141 2406 144 2411 -
163 2354 356 2443 Sacerdoti3
371 2363 407 2425 'et
420 2355 488 2429 hoo
500 2353 590 2424 tollit
602 2352 719 2440 fiscus,
733 2353 827 2448 qnod
839 2374 910 2424 uon
923 2354 1048 2450 accipit
1062 2350 1226 2428 Christus.
1254 2354 1482 2425 llevertimini

163 2457 206 2527 ad
224 2479 301 2545 me,
325 2458 432 2550 iuquit
446 2454 612 2529 Dominus
627 2453 932 2551 apud-prophetam
947 2462 982 2525 et
994 2464 1156 2526 revertar
1168 2456 1212 2526 od
1224 2474 1299 2529 vos.
1336 2455 1380 2527 Et
1394 2456 1480 2526 dixi-

164 2562 245 2633 stis:
264 2557 304 2628 lu
323 2578 391 2652 quo
408 2555 652 2629 revertemur?
672 2553 723 2629 Si·
734 2553 851 2647 affiget
868 2554 972 2627 homo
986 2557 1111 2646 Deum,
1132 2561 1211 2657 quia
1230 2578 1298 2630 vus
1311 2556 1481 2649 conligitis

164 2660 246 2732 mel
270 2659 315 2730 Et
329 2661 482 2736 dixistist
502 2658 624 2752 inquo
638 2652 919 2752 configimus'te‘l
943 2657 982 2728 In
997 2657 1138 2732 decimis
1151 2668 1187 2730 et
1198 2661 1234 2730 in
1245 2660 1409 2755 primitiis.
1437 2656 1483 2729 ΙΝ

163 2766 198 2834 in
218 2765 455 2859 penuria-vos
474 2760 647 2831 maledicti
670 2763 754 2841 ostis
775 2770 810 2832 et
831 2778 887 2831 me
908 2776 976 2835 vos
997 2759 1168 2859 configitis
1195 2782 1281 2854 gens
1302 2770 1383 2832 tota.
1427 2758 1483 2831 ln·
1511 2805 1515 2815 ·

164 2865 252 2937 lerte
270 2886 406 2937 omnem
428 2863 595 2936 decimam
612 2856 840 2952 iuborroum,
856 2870 894 2935 et
910 2864 955 2936 sit
970 2861 1066 2936 cibus
1083 2867 1118 2933 in
1135 2862 1238 2934 domo
1256 2884 1334 2934 mea
1350 2870 1386 2933 et
1402 2882 1483 2958 pro·

163 2967 242 3039 bate
262 2989 318 3038 me
340 2988 446 3062 super
468 2965 547 3056 loo,
571 2965 652 3036 dicit
673 2963 861 3038 Dominus:
880 2965 912 3037 si
932 2985 1015 3053 uon,
1038 2984 1208 3059 aperuero
1229 2965 1332 3059 vobis
1345 2973 1482 3035 cutura·

166 3069 352 3140 otuscoeli
373 3079 409 3138 et
431 3067 585 3139 effudero
607 3066 709 3140 vobis
728 3066 1002 3139 benedictionem
1029 3066 1139 3162 usque
1166 3067 1210 3138 ad
1233 3065 1484 3152 abundantiam,

167 3178 201 3240 et
220 3167 407 3264 increpabo
427 3188 492 3264 pro
512 3167 614 3240 vobis
636 3167 874 3257 devoram,
897 3177 933 3238 et
949 3188 1020 3240 non
1037 3176 1234 3263 corrumpet
1250 3167 1398 3239 fructum
1415 3174 1485 3236 ter·

167 3290 228 3342 rae
247 3281 401 3360 vestroe,
426 3290 496 3341 uec
512 3271 577 3341 erit
598 3269 725 3342 sterilis
746 3271 850 3342 vinea
875 3271 1038 3361 inagro,
1060 3270 1140 3342 dicit
1154 3270 1327 3343 Dominus
1350 3268 1485 3338 exerci—
1562 3280 1565 3284 ’

166 3383 270 3444 tuum.
315 3372 360 3444 Et
379 3372 502 3445 beutos
528 3390 604 3461 vos
622 3370 736 3441 dicent
759 3390 881 3444 omns
904 3366 1038 3462 gentes,
1064 3374 1160 3444 eritis
1187 3375 1276 3444 enirn
1298 3388 1365 3443 vus
1391 3378 1485 3441 terra

170 3473 418 3562 desiderabilis„
445 3475 525 3544 dicit
547 3473 714 3547 Dominus
740 3475 964 3544 exercituum.
1006 3464 1177 3542 Evitauda
1203 3480 1257 3546 est
1277 3474 1393 3565 itaque
1413 3471 1486 3542 Do·
1513 3512 1517 3519 -

161 3577 251 3646 mini
270 3574 471 3668 indignatio,
496 3574 691 3651 solvendae
712 3574 866 3646 decimae
892 3583 927 3645 et
948 3573 1074 3646 tributa
1094 3573 1215 3646 diviua
1238 3572 1484 3671 persolvenda,

168 3697 236 3748 uec
254 3699 319 3772 pro
345 3675 526 3773 temporali
548 3675 730 3754 commodo
758 3676 941 3748 amittenda
958 3684 1053 3750 sunl·
1073 3676 1364 3766 secutura-boun,
1397 3695 1485 3771 quae

170 3788 404 3874 expectantur.
448 3777 623 3852 Hemorcs
644 3774 730 3871 ergo
752 3779 840 3850 hoec
856 3779 1017 3874 aecipite,
1036 3777 1164 3852 iratres
1181 3781 1360 3868 carissimi,
1381 3787 1416 3849 et
1435 3778 1486 3847 iu

169 3879 310 3953 tellecta
328 3900 391 3977 pro
414 3880 588 3955 desiderio
611 3883 795 3975 complete„
815 3889 855 3952 ut
880 3889 1024 3961 aeterno·
1043 3900 1109 3976 pro
1130 3881 1376 3979 temporalibus
1398 3878 1487 3948 acui·

170 4004 255 4079 pere
269 3981 447 4057 beneficia
471 3985 679 4055 mereamini.
687 3979 719 4078 1)
773 3990 776 3995 '
826 4036 830 4041 .

243 4268 273 4346 l)
289 4271 322 4327 ll.
337 4271 419 4326 Facto
435 4270 544 4326 silentio
558 4269 586 4326 Ρ.
609 4271 692 4328 habet
712 4271 824 4326 verbum
840 4270 875 4326 ud
892 4271 999 4344 plebem
1010 4270 1044 4327 de
1056 4267 1262 4336 ecclesiastico,
1282 4266 1317 4322 de
1328 4264 1445 4322 Decimio
1459 4272 1488 4322 et

175 4353 389 4424 obligationibus
405 4354 581 4410 eeclesiarum
596 4371 628 4410 ac
642 4355 677 4411 de
691 4355 889 4414 Auniversurio
906 4355 991 4428 ipsius
1006 4355 1139 4411 eeclesiae
1154 4358 1182 4409 et
1192 4349 1379 4409 Dedicatioue.
1395 4349 1430 4405 Et
1440 4366 1489 4406 an·

175 4438 369 4496 nuutiutclero
384 4445 414 4495 et
426 4437 530 4512 l’opulo
544 4436 573 4495 in
588 4439 662 4497 cuim
676 4440 809 4496 bonorem
824 4444 1024 4498 constructaet
1032 4436 1157 4495 dedicata
1166 4435 1204 4492 eit
1214 4434 1369 4493 emleeiaet
1380 4433 1489 4491 uomina

175 4522 336 4579 Sanctorum
350 4523 388 4579 ibi
407 4523 611 4594 quiescentium.
645 4525 707 4597 lpse
721 4531 811 4582 auum
827 4521 962 4582 Dominus
976 4531 1004 4581 et
1016 4528 1192 4579 constructor
1205 4519 1279 4578 illiue
1293 4518 1428 4577 ecclesiae
1443 4524 1485 4575 te-

176 4614 271 4663 neatur
285 4606 320 4662 de
335 4606 400 4662 dote
413 4607 487 4664 illius
501 4617 529 4666 et
543 4608 649 4682 qualem
666 4609 799 4666 ecclesiae
816 4610 948 4670 bonorem
959 4616 990 4666 et
1002 4606 1172 4676 instrueris
1185 4605 1285 4664 debeat
1300 4603 1438 4662 exhibere.
