3202 5176
770 317 845 388 203

145 574 216 655 rm
258 574 385 681 cauo
419 550 817 666 oonirnnanronrs
836 582 912 655 'ux
943 584 1235 661 rouuurrcnur
1265 539 1464 660 nomano

147 698 408 777 cunumunrs
422 701 513 775 vnu
533 699 710 775 uacum
723 702 813 776 vru.
829 703 1164 804 nucronrmnu
1187 704 1462 800 uuooonruo.

248 862 388 926 Pontifex
410 864 553 944 inientes,
575 851 723 947 pueros¹)
744 865 793 928 vel
815 852 891 928 alios
917 869 992 928 sacri
1016 866 1197 948 baptismatis
1224 869 1299 930 unda
1326 866 1463 949 perfusos

146 966 322 1028 confirmare
336 966 453 1046 voieus,
470 978 588 1047 paratus
602 986 690 1049 supra
705 966 870 1029 Bochetum
884 969 944 1046 vel,
959 971 983 1031 si
999 971 1036 1030 sit
1052 971 1242 1050 Religiosus,
1259 989 1347 1051 supra
1361 986 1464 1050 super·

145 1062 452 1151 pelliceum'Amiotu,
473 1070 575 1149 Stoia,
598 1056 722 1132 Pluviali
744 1069 803 1131 albi
819 1071 929 1132 coioris
944 1083 974 1134 et
988 1070 1073 1135 diitra
1087 1074 1202 1135 accedit
1216 1074 1251 1134 ad
1269 1073 1464 1134 faldistorium

145 1178 213 1232 ante
228 1170 355 1231 medium
373 1173 473 1249 altaris
492 1182 541 1234 aut
563 1174 592 1234 in
613 1173 671 1235 aiio
684 1173 754 1235 loco
769 1176 960 1237 convenienti
975 1175 1031 1235 sibi
1046 1185 1177 1256 paratum
1193 1184 1223 1237 et
1241 1178 1271 1236 in
1286 1194 1322 1236 eo
1342 1172 1464 1251 sedens,

145 1271 265 1333 renibus
287 1273 371 1334 altari
390 1283 420 1335 et
440 1274 516 1336 iacie
537 1275 650 1357 populo
665 1275 780 1354 versis,
802 1275 935 1338 baculum
957 1279 1135 1358 pastoralem
1156 1279 1185 1338 iu
1205 1279 1324 1339 sinistra
1345 1285 1463 1353 teneus,

145 1374 286 1457 populum
309 1394 407 1437 coram
430 1396 463 1438 se
483 1387 609 1440 stantem
629 1379 783 1453 admonet,
804 1378 882 1460 quod
905 1381 1001 1441 nulius
1020 1380 1094 1441 alius
1117 1381 1173 1441 nisi
1196 1380 1278 1442 sotus
1297 1378 1464 1460 Episcopus

146 1474 385 1538 confirmationis
405 1480 570 1541 ordinarius
590 1479 727 1541 Minister
741 1467 837 1557 estP).
870 1480 974 1543 Nullus
996 1480 1190 1544 Goniirmatus
1213 1483 1301 1544 debet
1323 1470 1464 1542 recondu-

144 1581 226 1640 mari.
252 1578 367 1658 Nullus,
383 1583 431 1661 qni
445 1600 505 1642 nou
523 1585 561 1642 sit
575 1582 782 1662 confirmatus,
804 1592 906 1663 potest
929 1603 996 1645 esse
1019 1587 1048 1644 in
1072 1583 1302 1646 Confirmatione
1315 1583 1462 1660 Patrinus,

144 1698 200 1741 nec
215 1691 302 1760 pater
318 1691 367 1742 aut
380 1692 484 1761 mater,
499 1685 618 1745 maritus
633 1693 681 1745 aut
697 1700 782 1746 uxor.
809 1683 914 1745 Nullus
931 1688 1211 1762 excommunicatus,
1226 1686 1399 1747 interdictus
1414 1683 1463 1744 vel
1523 1729 1526 1736 .

142 1782 332 1860 gravioribus
348 1783 529 1847 facinoribus
543 1784 699 1864 alligatus,
714 1795 764 1849 aut
778 1783 964 1849 Christianae
978 1787 1046 1849 iidei
1060 1786 1232 1849 rudimentis
1248 1806 1307 1848 uon
1327 1785 1462 1862 edoctus,

142 1887 263 1964 ingerat
290 1904 325 1945 se
349 1885 385 1946 ad
408 1888 631 1968 percipiendum
650 1888 708 1949 hoc
730 1889 950 1950 Sacramentum
975 1879 1024 1951 vei
1042 1888 1079 1950 ad
1100 1889 1259 1951 tenendum
1282 1886 1463 1949 Confirman-

142 1974 254 2063 dum³).
282 1986 383 2048 adulti
397 1988 543 2051 deberent
556 1991 637 2070 prius
651 2000 771 2070 peccata
786 1990 921 2053 confiteri
935 2002 965 2053 et
978 2000 1083 2073 postea
1098 1993 1281 2053 confirmari:
1295 1990 1345 2050 vel
1359 1989 1463 2050 saltem

143 2088 181 2150 de
195 2089 379 2168 mortalibus,
394 2094 420 2153 si
434 2093 464 2152 in
479 2111 513 2153 ea
527 2092 695 2172 inciderint,
709 2102 909 2166 conterantur.
930 2093 1034 2155 Nullus
1049 2103 1221 2175 praesentet
1240 2094 1294 2153 nisi
1310 2111 1398 2152 unum
1414 2101 1463 2152 aut

143 2191 227 2268 dnos,
242 2210 304 2254 aon
323 2192 435 2275 plnres,
457 2196 513 2255 uisi
532 2195 619 2257 aliter
632 2197 795 2257 necessitas
813 2196 952 2275 suadeat,
973 2197 1097 2260 arbitrio
1117 2194 1261 2278 Episcopi
1270 2182 1316 2272 4).
1350 2193 1462 2257 Goniir·

142 2295 238 2355 mandi
259 2293 404 2358 deberent
425 2315 493 2358 esse
516 2285 654 2374 ieiuni5).
693 2296 875 2361 Confirmato
900 2299 990 2360 debet
1009 2299 1097 2377 ligari
1117 2299 1202 2360 irons
1228 2300 1322 2360 etsie
1342 2312 1463 2357 manere
1556 2301 1560 2305 '

141 2414 297 2503 quousque
305 2394 438 2461 chrisma
450 2399 616 2460 desiccetur
626 2399 674 2461 vel
687 2410 869 2478 extergatur.
883 2401 1012 2463 Proinde
1021 2402 1223 2483 unusquisque
1236 2397 1461 2463 confirmandus

207 2662 234 2739 l)
249 2661 365 2739 Agenda
375 2661 542 2727 ‚bionasteru
559 2658 656 2732 ,3bicet
668 2658 814 2731 antiquitus
829 2659 919 2717 statim
931 2676 945 2715 a
959 2660 1095 2731 baptismo
1107 2661 1255 2720 iurantibus
1267 2664 1369 2720 coliata
1381 2661 1463 2718 fuerit

143 2748 330 2818 Contirmatio,
347 2749 400 2803 iam
411 2754 500 2803 tamen
513 2742 662 2814 ordinarie,
677 2751 759 2817 prout
770 2743 851 2800 etiam
863 2745 890 2801 S.
900 2745 962 2802 Pius
974 2745 1007 2800 V.
1019 2744 1045 2799 in
1061 2745 1231 2804 Catecbismo
1246 2751 1365 2805 Romano
1381 2764 1462 2820 prae·

142 2833 265 2906 scripsit,
284 2831 454 2906 septennium
473 2826 685 2901 exspectandum
698 2830 769 2885 est“.
785 2861 819 2870 -
837 2829 878 2886 Ex
889 2829 1022 2886 sententia
1034 2829 1147 2889 Ritualis
1162 2833 1273 2890 Romani
1286 2832 1462 2888 duodecimus

144 2933 229 2974 anum
240 2918 355 2975 maxime
371 2924 449 2990 aptus
465 2922 507 2972 est
520 2913 584 2970 huic
599 2913 783 2970 Sacramento.

190 3018 236 3098 Ἴ)
254 3010 426 3078 Δι’Μίιιίιιοι
441 3026 519 3075 extra
531 3016 805 3101 ordinemhuimirum
822 3032 856 3071 ex
871 3014 1076 3087 dispensatione
1097 3034 1146 3073 seu
1163 3035 1295 3091 expressa
1314 3036 1361 3075 seu
1380 3019 1461 3074 tacita

142 3095 393 3180 summi'poutiiiois
413 3121 475 3160 esse
496 3109 589 3175 potest
607 3102 763 3173 Presbyter.
798 3102 861 3173 lpse
876 3099 932 3156 vidi
949 3100 977 3155 iu
994 3099 1063 3156 aede
1081 3103 1109 3158 S.
1129 3104 1272 3176 Hedwigis
1292 3103 1462 3161 berolincusi

141 3192 328 3266 praepositum
339 3191 411 3246 iliius
423 3187 558 3244 ecciesiae
570 3187 686 3247 infantes
699 3187 913 3255 confirmantem,
926 3184 963 3241 itu
974 3191 1063 3240 tamen
1075 3194 1104 3243 ut
1115 3196 1195 3246 antea
1210 3190 1366 3261 praelectae
1377 3188 1431 3244 sint
1445 3204 1461 3243 a

143 3276 246 3333 clerico
267 3276 383 3349 quodam
398 3273 543 3350 assistente
563 3271 661 3328 literae
676 3271 828 3341 Romanae,
848 3269 944 3344 quibus
959 3271 1028 3337 baec
1044 3270 1158 3330 facultas
1176 3273 1353 3331 confirmandi
1370 3280 1462 3330 entrau

142 3356 281 3417 ordinaria
293 3359 388 3416 summi
401 3357 537 3431 pontilicis
552 3362 617 3412 uutu
628 3355 668 3412 ilii
681 3357 848 3428 Presbytero
863 3370 996 3410 concessa
1012 3361 1063 3412 est.

206 3461 236 3529 3)
255 3460 383 3517 itinterim
394 3461 412 3515 Ι.
427 3477 451 3516 c.
464 3477 492 3532 p.
503 3459 564 3515 234.
589 3460 669 3516 Nicbt
682 3460 770 3516 seiten
785 3458 940 3514 unterwuri
948 3458 998 3514 der
1009 3458 1124 3515 Riscboi
1132 3456 1177 3513 die
1192 3458 1246 3514 rirm
1257 3475 1316 3514 uum
1326 3456 1462 3532 Empiang

136 3545 192 3602 >der
208 3545 236 3600 h.
248 3543 377 3614 Firmuug
391 3543 600 3614 Vorgssteiiten
613 3538 823 3615 inGeg'enwart
835 3535 896 3598 'des
914 3543 1038 3598 Piarrers
1055 3541 1110 3598 und
1130 3542 1180 3598 der
1193 3542 1363 3615 Pirmpatben
1385 3544 1463 3599 einer

140 3628 297 3688 besondern
316 3630 446 3700 Prbiung,
457 3643 503 3685 wo
519 3644 550 3683 er
567 3627 621 3683 deu
638 3628 759 3683 Kindern
777 3628 822 3684 die
837 3629 863 3682 h,
878 3630 911 3681 10
923 3627 1045 3695 Gebote,
1067 3626 1117 3682 das
1135 3627 1222 3683 Gebet
1240 3627 1289 3686 des
1304 3629 1393 3684 Herrn
1408 3628 1462 3684 und
1573 3629 1579 3643 ⁴

141 3715 194 3772 deu
209 3714 370 3786 engliscben
382 3713 466 3770 Gruss
480 3711 535 3769 uud
546 3711 594 3769 das
608 3713 793 3785 apostoliscbe
808 3711 1121 3768 Giaubensbekenntniss
1133 3713 1268 3784 abiragte.
1292 3715 1341 3772 Die
1354 3712 1462 3770 Unwis-

139 3799 243 3857 sendeu
263 3800 332 3857 wies
353 3817 384 3855 er
401 3800 436 3855 ab
457 3798 526 3854 oder
545 3797 668 3869 tibergab
691 3797 731 3853 sie
752 3797 815 3853 dem
833 3797 943 3853 Piarrer
960 3812 993 3851 au
1014 3797 1142 3871 biberem
1159 3798 1326 3870 Unterrieht.
1359 3797 1461 3869 synod.

142 3880 282 3942 Constant.
298 3883 373 3944 1567.
397 3884 515 3940 Narbon.
529 3883 607 3940 1609.
793 3882 799 3891 '

204 3987 238 4067 d)
257 3978 374 4062 Agenda
391 3988 554 4045 noussen:
581 3988 621 4043 De
641 3986 806 4043 necessitate
827 3985 970 4060 praecepti
988 3992 1032 4043 est
1050 3985 1188 4045 Petrinus:
1210 3987 1262 4045 nisi
1278 3985 1417 4043 alicubiut
1434 3983 1462 4039 iu

142 4074 272 4146 Dioecesi
295 4073 496 4130 Constantiensi
516 4090 551 4128 ex
569 4072 705 4144 longaeva
720 4071 934 4142 cousuetudine,
950 4088 1010 4127 curn
1023 4087 1121 4143 magua
1139 4079 1181 4129 est
1198 4072 1278 4144 copia
1294 4070 1463 4126 Confirman-

141 4160 256 4231 dorum,
276 4159 521 4233 praetermittatur.
561 4160 663 4215 Verum
683 4165 747 4214 tunc
768 4157 855 4215 satius
873 4166 931 4228 est,
950 4162 980 4213 ut
995 4172 1047 4233 pro
1074 4156 1201 4214 masculis
1218 4173 1286 4213 uuus
1303 4153 1463 4212 adhibeatur

140 4245 278 4315 Petrinus,
290 4262 371 4318 quem
382 4242 599 4300 ecclesiasticum
609 4259 674 4303 esse
688 4241 809 4315 expedit,
827 4248 856 4298 et
869 4257 922 4314 pro
933 4241 1050 4315 femellis
1061 4259 1123 4313 una,
1135 4258 1203 4315 quae
1213 4240 1238 4298 si
1252 4237 1348 4296 baberi
1362 4236 1461 4310 possit,

141 4329 179 4389 sit
193 4336 260 4387 roto
273 4330 407 4388 castitatis
421 4329 507 4401 ligata
522 4333 568 4384 aut
581 4329 679 4384 saltem
690 4327 853 4400 exemplaris
865 4327 937 4386 vitae
949 4334 983 4385 et·
989 4329 1140 4399 provectae
1155 4324 1251 4384 aetatis
1263 4323 1370 4380 semina.

204 4429 236 4509 5)
257 4433 386 4490 Binterim
399 4435 416 4490 i.
431 4451 455 4489 c.
468 4450 494 4505 p.
508 4433 570 4498 233.
594 4424 682 4490 'oiese
696 4431 888 4489 Nitebternbeit
903 4432 974 4489 wind
988 4448 1063 4489 uwar
1082 4427 1211 4486 nichtaIs
1224 4433 1353 4499 strenges
1364 4426 1461 4483 Gesetn

139 4519 467 4590 vorgcscbrieben,aber
483 4519 555 4576 doch
567 4518 683 4575 beinabe
696 4535 751 4574 vou
763 4518 834 4574 allen
846 4517 984 4573 Conciiien
996 4515 1150 4572 besonders
1161 4514 1330 4581 augeratbsu
1342 4513 1389 4568 mit
1399 4512 1462 4567 dem

120 4605 270 4662 ¹zusatue:
286 4604 310 4661 si
322 4604 536 4663 commodem
550 4612 653 4678 potest,
666 4604 797 4661 wodurcb
817 4604 889 4660 ohne
907 4602 1021 4660 Zweiiet
1037 4602 1103 4671 Jene
1120 4596 1328 4654 confirmandam
1339 4597 1458 4654 bertick-

611 4736 637 4783 -2

705 4858 947 5027 t»

1384 4830 1398 4871 0
