3202 5176
755 306 827 383 1'40

136 513 205 575 loco
219 509 321 572 dicunt
336 508 500 571 Psalmnm:
517 502 666 566 Laetatur
678 522 746 566 rum
760 524 825 567 cum
835 504 1017 567 oratIouibus
1032 499 1188 567 deesse
1200 510 1290 567 tuae
1320 483 1456 569 Hortarer

135 621 318 677 nostrorum.
339 609 424 674 Deos
437 626 527 688 aquo
540 614 649 669 rorwto
661 606 822 675 &aderio-

240 764 343 826 XXIII.
366 762 470 824 XXIV.
495 760 588 822 XXV.
614 760 718 821 XXVI.
754 760 848 821 Pauca
863 769 931 821 sunt
948 778 1024 841 quae
1038 760 1072 822 ad
1091 761 1163 823 baec
1177 762 1278 842 capita
1292 758 1458 823 adiicienda

137 870 282 931 videntur.
318 866 351 927 In
373 865 498 926 collecta
520 863 724 944 Supplices
746 863 815 924 olim
837 862 1045 940 indulgebatur
1073 863 1250 941 sacerdotI‚'
1272 872 1321 939 ut,
1330 859 1412 943 apud
1429 882 1457 925 se

138 991 223 1034 orare
249 970 365 1051 possit,
401 984 593 1048 quaecunque
619 965 757 1026 volucrit.
798 966 848 1026 Sic
875 967 904 1025 in
931 964 1040 1026 missali
1068 985 1146 1027 saec.
1166 964 1232 1027 XII.
1254 963 1456 1027 Eiusidleusi:

136 1074 317 1155 „Supplices
330 1080 361 1132 te
375 1088 523 1153 rogamus.
549 1066 688 1129 Idic'orat
699 1067 784 1145 opud
794 1084 828 1128 rc
840 1066 1010 1144 inclinatas,
1024 1085 1103 1146 quoe
1114 1066 1195 1129 aetii.
1216 1064 1344 1129 Des‘rrdc
1358 1062 1457 1131 Iube.“

138 1178 249 1238 Similia
267 1174 378 1234 inullis
397 1173 472 1248 legit
493 1169 667 1233 Gerbcrtoa.
704 1170 777 1251 Item
791 1172 819 1232 Iu
839 1170 936 1230 multis
956 1171 1040 1231 libris
1062 1171 1243 1231 Alemauicis
1266 1168 1414 1251 prolixae
1431 1179 1456 1231 et

136 1282 285 1338 verbosae
298 1277 486 1355 reperiuntur
504 1292 611 1356 preces
626 1282 693 1334 ante
707 1272 853 1333 Memento
867 1290 921 1353 pro
936 1273 1101 1351 Defunctis,
1116 1272 1154 1333 de
1167 1272 1277 1353 quibus
1292 1274 1358 1333 iam
1376 1290 1455 1352 supra

138 1380 281 1442 lectorem
295 1378 496 1439 admonuimus
510 1396 538 1458 p.
554 1371 605 1436 79.
634 1375 666 1435 In
680 1373 932 1436 biscsublacensi
946 1376 1012 1436 anni
1028 1370 1110 1438 1075
1124 1375 1197 1436 baec
1212 1374 1386 1435 babeutur:
1403 1371 1455 1435 rsa

139 1488 237 1542 mento
249 1480 308 1541 mci
320 1477 446 1542 Domine
456 1478 629 1557 peccatoria
642 1483 671 1538 ct
682 1477 838 1538 miserare.
872 1476 957 1539 llaec
970 1476 1033 1554 tibi,
1053 1483 1157 1538 coacte
1174 1476 1278 1555 Pater,
1302 1474 1379 1537 lieet
1389 1478 1454 1539 mels

138 1583 277 1644 monibus
296 1580 465 1662 offerantur
485 1581 613 1659 iunipiro,
632 1581 686 1658 qui
703 1598 759 1641 ceo
776 1581 919 1641 iooocurc
936 1585 1074 1641 sunctum
1095 1598 1134 1641 oo
1154 1576 1338 1641 venerabile
1355 1596 1454 1641 aonam

139 1694 222 1747 tuom
234 1686 344 1764 dipem
357 1702 444 1744 scm:
466 1684 523 1744 ced
541 1684 613 1761 quio
631 1700 688 1760 par
705 1690 845 1744 coactam
861 1689 952 1762 cipue
970 1682 1190 1762 soractificctam
1202 1680 1275 1744 Filii
1294 1681 1345 1743 troi
1356 1699 1454 1744 nome

139 1788 232 1870 offero
245 1789 324 1849 sicat
336 1788 491 1847 incensum
507 1787 538 1846 io
557 1791 719 1864 conspectu
738 1793 800 1863 tuo,
817 1805 885 1847 cam
899 1786 993 1847 odore
1006 1786 1168 1874 munitatis
1188 1784 1378 1847 ascendant.
1388 1792 1393 1797 '
1404 1784 1455 1847 Per

139 1892 264 1952 eandam
279 1889 439 1952 Dorticum
455 1896 601 1951 riostram.
640 1888 706 1950 Alia
727 1888 804 1969 apud
824 1888 899 1949 alios
919 1889 1067 1966 leguntur.
1106 1889 1139 1950 In
1164 1886 1304 1950 collecta
1327 1903 1385 1969 pro
1403 1889 1452 1951 lic·

140 1996 248 2055 iunctis
265 1994 421 2053 multorum
434 1991 577 2053 librorum
590 1990 827 2052 Alemanicorum
847 2001 893 2053 est
911 1993 1072 2072 scriptura:
1092 1991 1333 2071 famularumque
1350 1999 1454 2054 tomum

140 2096 175 2157 N.
194 2104 224 2157 et
240 2113 341 2156 eorum
356 2096 416 2175 qui.

242 2246 373 2308 XXVIII.
397 2246 503 2310 XXIX.
530 2248 623 2310 XXX.
655 2247 775 2311 blissale
789 2248 951 2310 Romanum
971 2247 1007 2309 ad
1021 2246 1129 2309 verba:
1156 2245 1279 2308 Est-tibi
1296 2246 1369 2309 Deo
1383 2246 1454 2308 I’atri

143 2353 338 2432 omnipotenti
360 2352 389 2411 in
406 2353 518 2412 unitate
532 2353 659 2433 Spiritus
674 2353 774 2413 Sancti
796 2353 890 2412 omnis
913 2351 1010 2413 bonor
1033 2360 1063 2412 ct
1080 2350 1193 2428 glorIa‚
1215 2368 1326 2431 parum
1351 2349 1455 2411 elevari
1505 2330 1507 2339 ¹

141 2457 224 2517 iubet
245 2454 368 2515 calicem
391 2473 455 2514 cum
476 2456 581 2517 hostia.
613 2455 693 2516 Ilaec
712 2454 861 2531 Elevatio,
885 2473 960 2533 quae
982 2455 1100 2514 minor
1121 2453 1228 2514 dicitur
1248 2453 1333 2534 apud
1356 2451 1456 2513 Rubri-

142 2561 240 2633 cistas‚
256 2557 375 2620 diverso
391 2559 447 2618 ritu
463 2559 662 2639 peragebatur
675 2561 704 2619 in
719 2558 846 2637 antiquis
862 2558 997 2618 ecclesiis
1012 2565 1043 2616 et
1056 2574 1133 2617 nuuc
1146 2557 1304 2635 peragitur
1318 2542 1456 2645 indallia.

139 2663 264 2723 Narrant
279 2663 356 2722 enim
375 2662 413 2723 de
425 2661 498 2722 Vert
515 2681 550 2724 ac
563 2661 608 2722 De
627 2660 759 2739 diolcon,
778 2660 856 2741 apud
870 2659 1030 2722 nonnullos
1047 2660 1096 2720 hic
1113 2659 1177 2719 lieri
1197 2676 1308 2719 sonum
1323 2657 1456 2738 cymbali,

140 2763 301 2843 genudecti
322 2773 410 2843 atque
432 2766 598 2834 incensari3
624 2764 758 2824 Viennae
775 2782 811 2824 ac
828 2763 963 2840 Lugduni
984 2763 1059 2824 banc
1082 2761 1281 2822 elevationem
1305 2761 1375 2829 lieri
1398 2778 1457 2822 eum

141 2865 310 2929 reuerentia
323 2865 377 2925 sub
392 2868 455 2944 ipsa
470 2868 605 2927 oratione
623 2865 768 2927 dominica
781 2866 818 2927 ad
831 2868 923 2927 verba
936 2869 1014 2927 sicut
1026 2867 1055 2926 in
1071 2864 1157 2926 coelo
1177 2873 1207 2924 et
1221 2865 1365 2941 interra,
1387 2863 1458 2944 apud

140 2969 293 3045 Ilugonos
306 2985 380 3028 uero
394 2966 430 3027 ad
444 2967 536 3028 verba
549 2968 657 3028 Panem
671 2977 813 3028 nostrum.
839 2969 935 3031 Allum
948 2971 1034 3031 ritum
1048 2966 1458 3029 commemoratBiuteriruirs

141 3071 161 3132 I.
178 3089 203 3132 c.
218 3087 247 3150 p.
263 3062 341 3132 457:
375 3068 411 3130 Ira
423 3069 478 3130 der
488 3069 619 3133 Didceac
632 3070 711 3133 Kotn
724 3070 877 3132 berraobte
889 3073 930 3134 im
945 3069 1028 3133 XIV.
1042 3068 1248 3132 Jobrbandcri
1263 3069 1319 3129 ein
1334 3068 1457 3131 arortdcr⁴

142 3173 233 3235 barcr
245 3171 346 3232 Rbus.
377 3172 443 3234 Der
455 3172 589 3234 Pricatcr
606 3174 708 3235 drabte
720 3176 786 3237 sa'cb
798 3177 830 3237 irs
842 3176 936 3241 cinam
954 3173 1062 3235 Isreiec
1078 3173 1183 3234 beram
1202 3171 1266 3232 aad
1280 3172 1385 3251 cripte
1395 3173 1458 3244 desi

74 3294 89 3307 ‘
146 3274 298 3335 Vollrcdic
311 3274 339 3337 b.
354 3273 467 3336 Hortis.
506 3275 616 3338 Dooora
626 3277 717 3356 {indat
730 3297 801 3341 reon
814 3277 1017 3340 aaaorNicbta
1030 3281 1061 3338 ira
1075 3277 1133 3338 deu
1146 3273 1334 3336 Katabedas
1346 3273 1456 3336 Misco·

142 3377 199 3455 iera,
218 3376 293 3437 oder
311 3377 360 3437 dic
375 3374 764 3444 Christianitatis-Statulae
781 3400 841 3444 coo
858 3380 979 3442 Xoatca
997 3379 1165 3441 ocrbictcra:
1188 3375 1235 3438 Nc
1255 3376 1375 3457 uliquis
1390 3381 1459 3457 post

141 3480 397 3571 consecrationem
413 3481 507 3560 suciis
519 3484 614 3562 cignis
628 3484 676 3544 oei
688 3501 746 3562 per
757 3485 857 3565 ipram
876 3491 906 3545 et
923 3484 1070 3563 cumipse
1087 3489 1143 3544 cto.
1155 3487 1329 3542 retrorsum
1346 3498 1459 3560 corpur

142 3578 253 3644 Obriais'
266 3584 376 3661 popolo
390 3586 548 3647 mendam
561 3588 706 3648 ostendat.
739 3587 818 3650 Nom
832 3606 872 3649 ec
884 3588 940 3648 boc
949 3586 1117 3667 periculam
1135 3585 1255 3645 coerce
1266 3584 1388 3662 possit,
1407 3601 1459 3645 nea

140 3692 188 3746 cst
207 3686 245 3746 de
264 3687 445 3749 institutione
468 3707 627 3752 aaronem.
668 3689 750 3765 Qaio
763 3688 900 3752 ctesias
919 3692 950 3751 iu
969 3708 1060 3751 crccc
1073 3689 1208 3750 ciconias
1224 3685 1296 3763 [ore
1311 3687 1457 3763 creditur,

142 3806 233 3867 wem
245 3789 320 3850 boec
330 3790 455 3852 abactio
471 3794 609 3871 corporis
625 3792 737 3855 constr·
749 3796 781 3855 io
795 3794 889 3855 ullum
901 3793 1049 3872 designat.
1082 3790 1147 3853 Nec
1158 3788 1254 3850 simila
1263 3795 1340 3866 post
1352 3786 1459 3869 Apum

140 3889 200 3953 Dei
210 3893 421 3970 ioaumptioce
432 3892 612 3971 socicrtdom.
646 3896 757 3961 Dieser
776 3897 865 3957 Ritus
886 3895 967 3956 butte
986 3894 1050 3956 sicit
1067 3894 1164 3956 ciebis
1177 3892 1404 3971 mstoweraigcr
1415 3891 1460 3953 dia

140 4013 210 4054 aum
222 3994 412 4057 aicbacbntco
423 3996 630 4060 Joltrbcodert
642 4001 674 4060 in
686 4002 741 4061 der
752 3998 1005 4080 porraaoProoina
1018 3997 1164 4058 erbolten.
1183 3995 1271 4057 Deam
1284 3994 1344 4055 der
1352 3999 1459 4075 papst·

140 4096 214 4159 liobe
226 4097 324 4178 Legat
336 4098 521 4180 Fronpipuoi
540 4101 666 4164 deriibrt
679 4102 729 4163 iim
742 4103 819 4165 noct
835 4102 883 4164 ab
903 4100 1063 4164 bestcbaud
1074 4101 1105 4162 ia
1116 4100 1228 4160 sanem
1240 4097 1472 4175 Decolor-im·

117 4222 121 4228 ·
140 4199 197 4260 dos
209 4204 250 4262 im
260 4201 356 4265 anrc
370 4200 452 4265 1596
470 4204 666 4285 perclarieben
676 4205 728 4266 isi·
766 4206 835 4286 Ipse
854 4207 914 4266 vidi
929 4205 1124 4266 Vindobonae
1144 4205 1174 4263 iu
1189 4201 1461 4289 bicubitaristarupr

141 4304 253 4364 sacello
267 4306 389 4369 hostiam
405 4308 531 4387 girando
552 4310 582 4369 in
596 4308 686 4369 altum
700 4308 784 4385 tolli,
808 4327 842 4370 ac
858 4327 914 4389 per
934 4308 1151 4370 semicirculum
1170 4305 1283 4386 populo
1300 4304 1463 4369 ridendam

142 4405 292 4468 exbiberi:
307 4417 402 4471 tamen
417 4430 473 4491 qua
486 4413 515 4471 iu
530 4420 614 4490 parte
631 4409 738 4474 blissae
752 4413 810 4473 boc
828 4412 935 4472 lactum
949 4413 998 4488 sit,
1012 4429 1072 4472 non
1086 4420 1176 4472 teneo
1191 4410 1347 4470 memoria.
1385 4409 1464 4471 Sane

143 4527 215 4571 vero
230 4511 304 4572 ritus
315 4512 366 4575 ills
385 4510 574 4576 coloniensis
595 4512 806 4577 nobilissimam
826 4515 920 4576 refert
937 4515 1086 4593 originem
1104 4513 1141 4574 ad
1157 4492 1349 4603 orientalium
1364 4512 1464 4577 eccle·

54 4616 57 4623 '
142 4613 250 4675 siarum
263 4623 398 4677 vetustas
411 4614 651 4679 consuetudines.
675 4634 679 4639 ·
1201 4628 1214 4639 ’
1265 4620 1276 4631 ’
1437 4610 1441 4615 ’
