3202 5176
761 289 832 403 ror
860 252 864 258 ’

141 484 325 546 Christianos
351 480 466 542 colitur.
505 476 568 539 Hoc
592 477 660 538 Pius
675 477 709 539 V.
729 480 758 540 in
781 481 839 541 fine
854 481 995 561 cuiusque
1008 481 1115 542 missae
1136 479 1198 560 legi
1220 485 1389 564 praecepit,
1412 486 1452 546 ita

142 572 249 663 damen,
266 594 296 646 nt
310 586 334 647 si
350 582 457 643 incidat
472 583 501 642 in
514 581 683 642 Dominicas
697 599 751 661 per
765 602 886 660 annum,
902 584 931 642 in
946 584 1036 643 ferias
1049 583 1299 662 Quadragesimae
1314 586 1362 646 vel
1376 579 1451 660 Onn-

141 699 208 750 tuor
216 672 403 767 Temnorum,
411 685 440 745 in
449 683 575 762 vigilias
582 682 773 763 restinctis,
784 705 858 766 qnae
866 687 1075 766 praetermisso
1089 674 1147 746 diei
1163 687 1261 750 oiiicio
1276 688 1452 749 celebranda
1505 719 1507 723 <

142 792 196 867 sit,
217 789 410 867 Evangelinm
430 786 488 846 diei
508 785 626 863 legatur
640 787 669 846 in
683 786 751 848 fine.
787 787 889 866 Unde,
905 788 930 848 si
945 789 1031 849 missa
1046 797 1165 869 peracta
1180 789 1325 850 Sacerdos
1340 809 1399 851 non
1415 772 1453 853 ex

141 892 238 953 tabula
258 894 286 952 in
310 908 402 952 cornu
423 888 609 966 Evangelio,
630 890 659 948 in
678 907 734 968 qna
757 890 929 969 inscriptum
951 909 1019 951 esse
1040 891 1133 952 solet:
1159 891 1199 956 In
1227 893 1345 952 initio
1373 902 1452 953 erat
1542 918 1550 934 ⁴

142 994 297 1055 verbum
315 991 472 1070 etc.‚legai
483 977 745 1069 Evangelidmsed
755 1010 793 1053 ex
806 992 894 1069 libro,
909 993 1048 1054 missalia
1063 993 1157 1070 latere
1172 994 1316 1073 epistolae
1327 994 1363 1055 ad
1376 993 1452 1055 latus

143 1096 290 1173 evangeiii
305 1095 415 1170 delato,
433 1112 488 1174 pro
503 1102 585 1154 cerm
599 1092 719 1172 habeas,
734 1095 849 1156 missam
864 1095 957 1156 inisse
971 1114 1029 1156 non
1044 1095 1081 1155 de
1095 1096 1248 1157 Dominioa
1265 1105 1332 1173 etc,
1348 1096 1401 1156 sed
1416 1097 1453 1159 do

142 1199 232 1259 festo.
255 1198 340 1273 Quod
350 1197 549 1276 sanesaepins
564 1198 703 1275 occurrit,
716 1217 800 1276 qnam
816 1207 847 1258 nt
861 1199 956 1278 possit
970 1197 1099 1277 probari.
1127 1198 1211 1279 dpnd
1228 1200 1365 1278 antiquos
1380 1197 1451 1258 nihil

141 1301 179 1362 de
203 1300 367 1379 Evangelio
381 1300 413 1360 S.
428 1297 545 1360 loannis
565 1299 595 1365 in
616 1299 675 1361 fine
697 1301 803 1365 missae
821 1300 951 1380 legendo
968 1302 1115 1379 occurrit,
1140 1320 1312 1381 quamquem
1331 1302 1359 1360 in
1379 1318 1451 1361 non·
1537 1314 1545 1325 ‘

143 1403 230 1463 nuliis
251 1402 387 1463 ecclesiis
402 1401 460 1461 dici
481 1401 600 1461 solitum
615 1411 677 1479 est,
701 1401 767 1463 dnm
781 1403 927 1464 Sacerdos
943 1411 1042 1464 vestes
1065 1414 1189 1466 exueret
1209 1412 1258 1463 ani
1279 1405 1308 1463 in
1331 1421 1452 1463 recessu

141 1504 178 1565 ab
193 1504 293 1585 altari,
315 1512 403 1584 proni
417 1503 445 1564 id
460 1503 551 1564 hodic
570 1512 704 1564 servatur
719 1506 849 1566 inmissa
864 1506 1035 1586 pontificali.
1067 1505 1227 1567 Martenius
1249 1506 1286 1566 de
1299 1515 1358 1567 ant.
1372 1503 1452 1567 Mon.

142 1606 235 1667 rinii.
249 1603 271 1666 4
288 1609 409 1686 primam
423 1606 486 1664 eins
499 1604 677 1664 mentionem
696 1623 853 1667 occurrere
876 1607 932 1693 sibi
955 1616 1079 1667 testatur
1099 1610 1128 1668 in
1140 1608 1306 1681 Ordinatio
1321 1607 1452 1667 Bursiel-

141 1709 284 1769 densinm.
318 1707 443 1768 Prorsus
464 1704 623 1782 singularis
644 1716 690 1767 est
714 1709 808 1785 ritus,
836 1709 885 1787 qni
905 1707 1118 1787 praescribitur
1144 1711 1174 1772 in
1197 1708 1308 1768 Missali
1334 1708 1452 1768 Ordinis

141 1810 172 1870 S.
188 1809 340 1870 Benedicti
364 1808 590 1869 reformatorum
617 1809 769 1886 nigrorum
788 1809 933 1870 Bursield.
949 1808 1090 1870 Badensis
1118 1809 1163 1870 ed.
1187 1805 1270 1869 1608
1299 1827 1354 1889 per
1381 1808 1451 1871 Ger·

140 1913 280 1972 maniam:
304 1911 506 1987 subiungitur,
528 1909 584 1971 nisi
599 1911 638 1970 sit
658 1930 713 1993 pro
728 1912 900 1986 Defunctis,
920 1909 1064 1972 incitem
1075 1912 1195 1972 animae
1211 1929 1269 1990 per
1284 1911 1461 1971 misericor·.

138 2013 221 2074 diam
233 2011 292 2076 Dei
303 2013 495 2092 requiescant
507 2012 539 2071 in
551 2029 635 2090 poce.
662 2010 766 2077 Amen.
797 2013 962 2075 Sitnomcn
974 2013 1095 2075 Domini
1107 2014 1301 2075 benedictum.
1335 2011 1454 2074 Emdoo
1573 2020 1575 2027 '

138 2122 267 2177 nuncet
286 2133 381 2196 usqne
401 2115 433 2176 in
455 2113 620 2177 saeculnm.
651 2100 786 2179 Oremus.
821 2115 950 2178 Coelectc'
962 2117 1164 2178 bencdictione
1185 2116 1259 2178 bene
1271 2117 1290 2180 i
1303 2117 1453 2178 dicatnos

139 2218 324 2296 omnipotens
337 2217 381 2279 Po
394 2219 413 2281 †
428 2224 474 2277 ter
488 2224 517 2279 et
529 2215 595 2307 mr
609 2216 668 2280 line
679 2225 710 2279 et
721 2202 853 2298 spiritns
866 2222 885 2284 †
898 2217 1039 2282 Sanctus.
1061 2217 1166 2283 Amen.
1193 2217 1316 2281 Placeat
1330 2219 1383 2280 tibi
1395 2226 1450 2280 etc.

139 2319 287 2384 Dominus
306 2318 468 2382 nobiscnm.
503 2319 623 2381 Initium
636 2319 668 2383 S.
683 2319 841 2402 Evonqelc'i
854 2328 910 2383 etc.
945 2320 1076 2384 Ostende
1094 2320 1181 2384 nodis
1194 2321 1320 2386 Domine
1337 2323 1450 2383 miseci-

138 2422 276 2483 cordiam
284 2429 366 2485 tuam
374 2425 429 2481 etc.
450 2422 569 2484 Oratio:
583 2419 775 2502 Omnipotens
782 2425 960 2505 sempiterne
967 2424 1052 2489 Deua
1064 2424 1159 2505 dimine
1167 2431 1256 2486 actus
1265 2432 1387 2501 nostroe
1395 2430 1450 2486 etc.

138 2524 310 2609 Antiphona
325 2525 423 2589 Trium
440 2542 608 2606 puerorum.
