3202 5176
821 317 895 393 230

204 505 322 577 ιιὶιιιιιιι
348 513 383 574 et
408 523 528 596 aquam
555 504 589 572 in
609 494 858 583 Eucharistiam
881 502 1057 595 sanguinis
1080 497 1236 610 Christi
1227 525 1261 572 m
1282 505 1421 575 nomine
1447 504 1520 575 Do-

204 607 293 679 mini.
347 610 389 696 lte.
417 599 578 699 Amenl).

307 714 416 777 Postea
443 717 487 777 eis
514 713 681 792 genuflexis
707 711 964 792 permanentibus,
991 712 1025 774 P.
1047 722 1128 785 stans
1152 731 1257 774 versus
1286 714 1322 775 ad
1350 733 1405 778 eos
1434 717 1518 778 dicit:

203 811 316 883 Deum
342 808 406 879 Pat
392 818 480 880 trem
508 810 792 901 omnipotentem,
813 803 939 879 fratres
966 804 1151 895 carissimi,
1175 807 1375 902 suppliciter
1395 808 1519 904 depre-

203 932 344 999 cemur,
374 919 412 993 ut
440 909 505 984 hos
532 908 681 981 famulos
708 928 791 981 suos
818 905 909 977 bene
931 906 963 1000 †
988 907 1105 978 dicere
1137 907 1296 1000 dignetur
1328 911 1365 980 in
1397 911 1519 984 ordine

202 1135 342 1210 quaeque
375 1114 528 1210 spiritale
557 1110 710 1185 moribus
742 1109 956 1207 praebeantz
992 1110 1176 1183 adiuvante
1212 1112 1360 1185 Domino
1395 1125 1517 1189 nostro

181 1214 228 1288 ·l.
249 1210 285 1287 C.
307 1217 364 1310 qui
384 1237 460 1286 cum
478 1237 521 1286 eo
543 1224 607 1286 etc.

306 1324 379 1387 Pam
392 1326 424 1387 Ρ.
437 1327 473 1388 ad
487 1327 580 1388 altare
593 1343 627 1386 se
641 1332 820 1386 convertens
837 1332 920 1386 stans
934 1322 1012 1385 dicat
1026 1313 1182 1389 Oremus.
1214 1322 1254 1386 Et
1267 1325 1448 1402 subiungant
1466 1330 1517 1387 rni-

203 1429 289 1517 nistri
303 1418 499 1494 Fleetamus
513 1440 635 1512 genua.
658 1421 701 1510 Be.
716 1415 857 1489 havala.
880 1424 919 1487 tn
931 1443 1001 1487 mox
1014 1426 1046 1488 P.
1062 1443 1225 1488 curvemus
1238 1428 1276 1488 ad
1291 1427 1410 1488 eosdem
1424 1447 1515 1506 genu·

203 1529 299 1594 flexos
315 1530 402 1591 dicit:

304 1622 451 1694 Domine
486 1630 604 1694 sancte
639 1620 761 1710 Pater,
787 1620 1022 1714 omnipotens,
1049 1628 1190 1695 aeterne
1219 1620 1334 1709 Deus,
1364 1621 1422 1714 qui
1453 1643 1516 1715 per

201 1719 317 1799 Iesum
345 1721 515 1796 Christum
533 1721 638 1794 hlium
658 1733 765 1811 tuum,
787 1722 970 1794 Dominum
991 1733 1164 1812 nostrum,
1188 1732 1224 1807 et
1243 1745 1307 1819 per
1326 1721 1517 1818 Apostolos

194 1827 277 1921 ,eius
296 1828 331 1898 in
353 1826 443 1897 hunc
463 1825 625 1897 mundum
647 1826 762 1898 lumen
782 1835 863 1896 tuae
885 1825 1048 1898 claritatis
1068 1827 1201 1915 misisti,
1223 1827 1349 1920 quique
1369 1834 1407 1896 ut
1426 1847 1517 1897 mor·

200 1931 245 2003 tis
270 1936 411 2002 nostrae
433 1929 607 2020 antiquum
633 1927 793 2001 aboleres
812 1925 1095 2023 chirographum,
1123 1928 1394 2020 gloriosissimae
1418 1927 1516 1997 illurn

202 2032 315 2103 crucis
334 2028 468 2101 vexillo
489 2028 603 2121 affigi,
631 2052 673 2100 ae
701 2030 902 2121 sanguinem
932 2038 968 2100 et
985 2050 1113 2123 <apuam
1134 2052 1182 2102 ex
1204 2029 1313 2102 latere
1337 2028 1428 2102 illius
1449 2050 1514 2122 pro

198 2128 313 2206 salute
339 2132 478 2222 generis
505 2129 642 2201 humani
664 2128 808 2202 effluere
829 2130 983 2221 voluisti,
1001 2131 1130 2221 bene†
1149 2131 1264 2203 dIcera
1286 2129 1429 2222 dignare
1450 2129 1515 2203 hos

199 2229 349 2306 famulos
368 2242 447 2305 tuos
473 2233 508 2304 in
529 2230 686 2304 Officium
701 2231 974 2327 Acolpthorum,
995 2243 1032 2304 ut
1051 2233 1094 2304 ad
1119 2231 1374 2304 accendendum
1397 2233 1516 2303 lumen

201 2334 374 2406 ecclesiae
399 2342 480 2404 tuae
505 2333 606 2406 etad
632 2338 890 2454 suggerendum
911 2337 1028 2406 vinum
1051 2346 1087 2408 et
1113 2357 1236 2429 aquarn
1262 2333 1306 2405 ad
1333 2332 1516 2407 conficien-

199 2433 282 2508 dum
314 2437 515 2527 sanguinem
543 2434 667 2509 Christi
696 2436 757 2507 filii
782 2439 831 2507 tui
860 2437 898 2507 in
928 2437 1105 2508 offerenda
1133 2435 1368 2525 Eucharistia,
1390 2438 1515 2510 sanctis

200 2535 365 2609 altaribus
401 2539 468 2610 tuis
503 2536 651 2641 fideliter
684 2538 948 2612 subministrent.
1008 2536 1175 2610 Accende
1205 2539 1353 2610 Domine
1383 2547 1516 2609 mentes

200 2658 322 2711 eorum
345 2647 379 2709 et
402 2638 509 2710 eorda
529 2631 744 2723 ademeram
766 2641 897 2732 gratiae
919 2649 1013 2729 tuae,
1033 2651 1071 2711 ut
1086 2641 1266 2711 illuminati
1283 2639 1381 2712 vultu
1401 2641 1516 2734 splen-

199 2737 295 2813 doris
314 2740 363 2809 tui
381 2738 528 2812 fideliter
550 2739 611 2812 tihi
627 2743 663 2812 in
684 2751 802 2814 saneta
829 2739 980 2813 ecelesia
1003 2740 1213 2815 deserviant.
1267 2742 1345 2813 Per.
1596 2816 1599 2821 ,

306 2838 460 2912 Oramus
514 2841 662 2913 Domine
688 2852 806 2916 sancte
827 2840 951 2928 Pater,
974 2845 1211 2938 omnipotens,
1241 2853 1382 2914 aeterne
1407 2841 1516 2929 Deus,

200 2944 260 3037 qui
286 2941 330 3015 ad
355 2939 562 3033 Moysenet
548 2942 711 3014 tharan
736 2944 831 3015 locut
817 2953 872 3014 tus
901 2963 961 3032 es,
986 2953 1025 3014 ut
1054 2945 1327 3017 accenderentur
1352 2944 1515 3015 lucernae

199 3042 237 3117 itt
257 3040 480 3116 tabernaculo
502 3044 699 3133 testimonii,
721 3042 811 3115 bene
824 3042 856 3135 †
871 3041 989 3116 dicere
1004 3045 1148 3137 dignare
1171 3047 1236 3121 hos
1255 3044 1405 3119 famulos
1423 3055 1515 3132 tuos,

200 3152 238 3215 ut
258 3147 326 3218 sint
350 3143 551 3238 Aoolpthi
541 3166 577 3216 m
598 3146 748 3219 eeclesia
769 3155 837 3218 tua.
894 3144 972 3216 Per.

305 3242 458 3318 Oremus.
514 3243 756 3341 Omnipotens,
779 3250 987 3344 sempiterne
1008 3248 1123 3337 Deus,
1150 3248 1230 3322 fons
1248 3248 1333 3321 lucis
1354 3255 1390 3316 et
1412 3247 1512 3336 origo

198 3343 372 3434 honitatis,
392 3347 450 3441 qui
468 3369 537 3468 per·
550 3347 664 3422 lesum
684 3345 797 3423 Christ
783 3358 855 3420 turn
872 3348 977 3420 titium
997 3359 1110 3438 tuum,
1132 3349 1247 3421 lumen
1264 3368 1400 3436 verum,
1417 3368 1515 3417 mun-

200 3445 281 3523 dum
292 3447 490 3522 illuminasti
507 3452 649 3545 eiusque
667 3453 837 3545 passionis
857 3455 1025 3545 mysterio
1043 3450 1231 3540 redemisti,
1242 3448 1379 3542 hene†
1398 3446 1515 3519 dicere

200 3547 344 3640 dignare
366 3549 430 3622 hos
455 3550 603 3626 famulos
631 3561 731 3641 tuos,
760 3575 847 3646 quos
874 3555 910 3624 in
937 3552 1086 3625 officium
1111 3553 1366 3648 Acolythorum
1393 3571 1515 3622 eonse-

198 3671 349 3739 cramus,
371 3663 556 3745 poscentes
582 3653 797 3726 clementiam
820 3664 930 3745 tuam,-
956 3665 993 3726 ut
1020 3678 1141 3728 eorum
1167 3666 1299 3727 mentes
1325 3663 1360 3724 et
1387 3653 1514 3723 lumine

198 3752 364 3826 scientiae
389 3751 542 3829 ihustres
573 3764 608 3827 et
639 3759 774 3851 pietatis
803 3766 882 3829 tuae
915 3779 998 3829 rore
1027 3760 1172 3851 irrigesz
1201 3767 1238 3828 ut
1265 3759 1311 3826 ita
1337 3763 1515 3848 acceptum

198 3853 421 3927 ministerium
442 3864 477 3926 te
502 3857 689 3929 auxiliante
711 3868 892 3953 peragant,
921 3859 1067 3952 qualiter
1093 3860 1137 3930 ad
1162 3869 1337 3930 aeternam
1358 3876 1515 3927 remune-

197 3956 366 4027 rationem
391 3961 576 4049 pervenire
599 3970 803 4056 mereantur.
857 3960 925 4032 Per
945 3957 1144 4057 eundem2).

261 4157 412 4236 ltsimitia
433 4161 584 4231 leguntur'
576 4180 604 4219 ιιι
624 4161 692 4219 Cod.
703 4162 846 4234 Ratoldi„
851 4195 887 4204 —
905 4192 948 4204 -
961 4163 997 4222 ad
1016 4163 1207 4223 effundendum
1220 4163 1334 4220 vinum‘
1344 4161 1514 4218 -Prorsus

198 4245 355 4316 conspirant
369 4261 430 4301 cum
440 4245 562 4315 Romapp
575 4246 756 4318 Apamienses
766 4264 800 4303 ue
811 4247 971 4344 moguntini.

255 4324 417 4402 >hrukei
438 4329 596 4386 Pontificale
616 4347 643 4401 p.
656 4331 706 4386 90:
730 4331 801 4402 „Die
823 4332 882 4390 vier
902 4331 1006 4389 (lebete
1021 4332 1068 4388 hei
1085 4331 1134 4388 der
1149 4304 1332 4399 Einweihung
1350 4329 1410 4385 siud
1432 4329 1512 4397 urolt,

194 4409 297 4479 iedoeh
307 4428 350 4482 so,
366 4414 449 4470 dass
442 4430 469 4470 ιιι
489 4415 599 4484 einigeu
614 4415 821 4475 llirchenhloss
832 4418 880 4475 das
891 4417 991 4475 uwsite
1006 4417 1061 4475 und
1075 4412 1289 4492 marathoniit
1301 4414 1416 4484 Eghert.
1427 4412 1512 4469 Ebor.

196 4508 259 4561 anu.
266 4498 344 4566 1000,
357 4497 457 4555 Pontii.
470 4496 625 4562 damnatio.
638 4517 700 4559 anu.
710 4498 811 4576 1000)
803 4519 830 4558 ιιι
841 4502 946 4559 andern
958 4501 1008 4559 das
1019 4507 1092 4560 erste
1103 4501 1157 4557 und
1170 4500 1253 4558 dritta
1264 4495 1376 4571 (Pontii.
1387 4497 1512 4554 Novium.

196 4591 257 4640 aun.
269 4577 346 4655 900).
363 4583 477 4652 gehetet
496 4583 608 4640 worden
626 4584 680 4640 und
697 4601 757 4641 man
772 4592 829 4642 erst
842 4591 935 4660 apaten
950 4585 1003 4642 alle
1021 4586 1080 4643 vien
1092 4584 1241 4642 Orationem
1255 4586 1282 4641 in
1297 4583 1351 4642 den
1366 4581 1516 4640 Weiheaet
