<?xml version="1.0" encoding="UTF-8"?>
<!DOCTYPE html PUBLIC "-//W3C//DTD XHTML 1.0 Transitional//EN"
    "http://www.w3.org/TR/xhtml1/DTD/xhtml1-transitional.dtd">
<html xmlns="http://www.w3.org/1999/xhtml" xml:lang="en" lang="en">
 <head>
  <title>
</title>
<meta http-equiv="Content-Type" content="text/html;charset=utf-8" />
  <meta name='ocr-system' content='tesseract 3.04.00' />
  <meta name='ocr-capabilities' content='ocr_page ocr_carea ocr_par ocr_line ocrx_word'/>
</head>
<body>
  <div class='ocr_page' id='page_1' title='image "./codexliturgicus02danigoog_0060.png"; bbox 0 0 3202 5176; ppageno 0'>
   <div class='ocr_carea' id='block_1_1' title="bbox 778 275 848 342">
    <p class='ocr_par' dir='ltr' id='par_1_1' title="bbox 778 275 848 342">
     <span class='ocr_line' id='line_1_1' title="bbox 778 275 848 342; baseline 0.157 -9"><span class='ocrx_word' id='word_1_1' title='bbox 778 275 848 342; x_wconf 72' lang='lat' dir='ltr'><strong>al</strong></span> 
     </span>
    </p>
   </div>
   <div class='ocr_carea' id='block_1_2' title="bbox 160 426 1589 652">
    <p class='ocr_par' dir='ltr' id='par_1_2' title="bbox 160 426 1589 652">
     <span class='ocr_line' id='line_1_2' title="bbox 160 426 1589 557; baseline 0.01 -35"><span class='ocrx_word' id='word_1_2' title='bbox 160 477 256 523; x_wconf 82' lang='lat' dir='ltr'><strong>sacro</strong></span> <span class='ocrx_word' id='word_1_3' title='bbox 272 453 414 523; x_wconf 60' lang='lat' dir='ltr'><strong>&amp;mono</strong></span> <span class='ocrx_word' id='word_1_4' title='bbox 427 459 567 524; x_wconf 81' lang='lat' dir='ltr'><strong>ecclesio.</strong></span> <span class='ocrx_word' id='word_1_5' title='bbox 597 426 664 523; x_wconf 80' lang='lat' dir='ltr'><strong>Hm</strong></span> <span class='ocrx_word' id='word_1_6' title='bbox 676 458 822 523; x_wconf 74' lang='lat' dir='ltr'><strong>intendas</strong></span> <span class='ocrx_word' id='word_1_7' title='bbox 841 460 928 523; x_wconf 77' lang='lat' dir='ltr'><strong>metr</strong></span> <span class='ocrx_word' id='word_1_8' title='bbox 940 461 1129 525; x_wconf 75' lang='lat' dir='ltr'><strong><em>mandamus.</em></strong></span> <span class='ocrx_word' id='word_1_9' title='bbox 1164 467 1277 557; x_wconf 85' lang='lat' dir='ltr'><strong>Naro</strong></span> <span class='ocrx_word' id='word_1_10' title='bbox 1249 484 1277 531; x_wconf 82' lang='lat' dir='ltr'><strong>st</strong></span> <span class='ocrx_word' id='word_1_11' title='bbox 1292 480 1403 533; x_wconf 88' lang='lat' dir='ltr'><strong>certum</strong></span> <span class='ocrx_word' id='word_1_12' title='bbox 1419 483 1476 552; x_wconf 85' lang='lat' dir='ltr'><strong>est,</strong></span> <span class='ocrx_word' id='word_1_13' title='bbox 1581 460 1589 477; x_wconf 74' lang='lat'><em>⁰</em></span> 
     </span>
     <span class='ocr_line' id='line_1_3' title="bbox 161 544 1475 652; baseline 0.009 -27"><span class='ocrx_word' id='word_1_14' title='bbox 161 544 338 642; x_wconf 78' lang='lat' dir='ltr'><strong>Gregorium</strong></span> <span class='ocrx_word' id='word_1_15' title='bbox 357 565 574 628; x_wconf 82' lang='lat' dir='ltr'><strong>Praelationum</strong></span> <span class='ocrx_word' id='word_1_16' title='bbox 596 582 746 625; x_wconf 86' lang='lat' dir='ltr'><strong>numerum</strong></span> <span class='ocrx_word' id='word_1_17' title='bbox 762 565 954 642; x_wconf 75' lang='lat' dir='ltr'><strong>imminuisse,</strong></span> <span class='ocrx_word' id='word_1_18' title='bbox 978 568 1028 647; x_wconf 90' lang='lat' dir='ltr'><strong>qui</strong></span> <span class='ocrx_word' id='word_1_19' title='bbox 1056 567 1120 628; x_wconf 87' lang='lat' dir='ltr'><strong>lieri</strong></span> <span class='ocrx_word' id='word_1_20' title='bbox 1142 553 1261 648; x_wconf 85' lang='lat' dir='ltr'><strong>potest,</strong></span> <span class='ocrx_word' id='word_1_21' title='bbox 1283 582 1316 632; x_wconf 90' lang='lat' dir='ltr'><strong>ut</strong></span> <span class='ocrx_word' id='word_1_22' title='bbox 1333 572 1475 652; x_wconf 77' lang='lat' dir='ltr'><strong>Pelagius</strong></span> 
     </span>
    </p>
   </div>
   <div class='ocr_carea' id='block_1_3' title="bbox 159 667 1569 753">
    <p class='ocr_par' dir='ltr' id='par_1_3' title="bbox 159 667 1569 753">
     <span class='ocr_line' id='line_1_4' title="bbox 159 667 1569 753; baseline 0.009 -26"><span class='ocrx_word' id='word_1_23' title='bbox 159 667 283 746; x_wconf 83' lang='lat' dir='ltr'><strong>longe</strong></span> <span class='ocrx_word' id='word_1_24' title='bbox 306 677 417 730; x_wconf 83' lang='lat' dir='ltr'><strong>retro</strong></span> <span class='ocrx_word' id='word_1_25' title='bbox 444 685 553 728; x_wconf 87' lang='lat' dir='ltr'><strong>novem</strong></span> <span class='ocrx_word' id='word_1_26' title='bbox 579 675 689 727; x_wconf 85' lang='lat' dir='ltr'><strong>tentum</strong></span> <span class='ocrx_word' id='word_1_27' title='bbox 716 667 920 730; x_wconf 83' lang='lat' dir='ltr'><strong>Praefationes</strong></span> <span class='ocrx_word' id='word_1_28' title='bbox 948 668 1045 730; x_wconf 88' lang='lat' dir='ltr'><strong>ordini</strong></span> <span class='ocrx_word' id='word_1_29' title='bbox 1067 669 1202 733; x_wconf 87' lang='lat' dir='ltr'><strong>Romano</strong></span> <span class='ocrx_word' id='word_1_30' title='bbox 1231 676 1356 737; x_wconf 85' lang='lat' dir='ltr'><strong>insertas</strong></span> <span class='ocrx_word' id='word_1_31' title='bbox 1384 676 1477 738; x_wconf 85' lang='lat' dir='ltr'><strong>tuisse</strong></span> <span class='ocrx_word' id='word_1_32' title='bbox 1567 746 1569 753; x_wconf 48' lang='grc'>,</span> 
     </span>
    </p>
   </div>
   <div class='ocr_carea' id='block_1_4' title="bbox 105 768 1555 4638">
    <p class='ocr_par' dir='ltr' id='par_1_4' title="bbox 125 768 1552 1465">
     <span class='ocr_line' id='line_1_5' title="bbox 160 768 1477 853; baseline 0.006 -23"><span class='ocrx_word' id='word_1_33' title='bbox 160 768 296 831; x_wconf 74' lang='lat' dir='ltr'><strong>scribet?</strong></span> <span class='ocrx_word' id='word_1_34' title='bbox 321 770 359 830; x_wconf 81' lang='lat' dir='ltr'><strong>m</strong></span> <span class='ocrx_word' id='word_1_35' title='bbox 372 786 467 849; x_wconf 86' lang='lat' dir='ltr'><strong>paene</strong></span> <span class='ocrx_word' id='word_1_36' title='bbox 481 770 766 832; x_wconf 88' lang='lat' dir='ltr'><strong>unanimiconsensu</strong></span> <span class='ocrx_word' id='word_1_37' title='bbox 778 769 829 830; x_wconf 84' lang='lat' dir='ltr'><strong>illa</strong></span> <span class='ocrx_word' id='word_1_38' title='bbox 843 770 970 851; x_wconf 85' lang='lat' dir='ltr'><strong>epistole</strong></span> <span class='ocrx_word' id='word_1_39' title='bbox 985 777 1231 853; x_wconf 87' lang='lat' dir='ltr'><strong>nunoprosporie</strong></span> <span class='ocrx_word' id='word_1_40' title='bbox 1246 775 1379 838; x_wconf 86' lang='lat' dir='ltr'><strong>habetur.</strong></span> <span class='ocrx_word' id='word_1_41' title='bbox 1402 778 1477 840; x_wconf 84' lang='lat' dir='ltr'><strong>ilu-</strong></span> 
     </span>
     <span class='ocr_line' id='line_1_6' title="bbox 160 868 1476 957; baseline 0.007 -25"><span class='ocrx_word' id='word_1_42' title='bbox 160 874 335 933; x_wconf 87' lang='lat' dir='ltr'><strong>ratorius</strong></span> <span class='ocrx_word' id='word_1_43' title='bbox 357 871 389 931; x_wconf 88' lang='lat' dir='ltr'><strong>L.</strong></span> <span class='ocrx_word' id='word_1_44' title='bbox 404 872 439 935; x_wconf 87' lang='lat' dir='ltr'><strong>R.</strong></span> <span class='ocrx_word' id='word_1_45' title='bbox 457 871 480 931; x_wconf 87' lang='lat'><strong>1.</strong></span> <span class='ocrx_word' id='word_1_46' title='bbox 495 891 524 952; x_wconf 88' lang='lat' dir='ltr'><strong>p.</strong></span> <span class='ocrx_word' id='word_1_47' title='bbox 543 868 600 934; x_wconf 81' lang='grc'>67·;</span> <span class='ocrx_word' id='word_1_48' title='bbox 622 878 737 933; x_wconf 79' lang='lat' dir='ltr'><strong>‚unctor</strong></span> <span class='ocrx_word' id='word_1_49' title='bbox 753 870 835 932; x_wconf 81' lang='lat' dir='ltr'><strong>illins</strong></span> <span class='ocrx_word' id='word_1_50' title='bbox 848 871 993 950; x_wconf 77' lang='lat' dir='ltr'><strong>episteme</strong></span> <span class='ocrx_word' id='word_1_51' title='bbox 1004 872 1141 950; x_wconf 76' lang='lat' dir='ltr'><strong>fortasse</strong></span> <span class='ocrx_word' id='word_1_52' title='bbox 1158 875 1297 937; x_wconf 76' lang='lat' dir='ltr'><strong>Isidorus</strong></span> <span class='ocrx_word' id='word_1_53' title='bbox 1310 871 1476 957; x_wconf 81' lang='lat' dir='ltr'><strong>Mercator,</strong></span> 
     </span>
     <span class='ocr_line' id='line_1_7' title="bbox 125 970 1477 1058; baseline 0.006 -25"><span class='ocrx_word' id='word_1_54' title='bbox 125 1005 134 1021; x_wconf 91' lang='lat'><strong>·</strong></span> <span class='ocrx_word' id='word_1_55' title='bbox 158 991 251 1053; x_wconf 80' lang='lat' dir='ltr'><strong>qnom</strong></span> <span class='ocrx_word' id='word_1_56' title='bbox 263 973 382 1033; x_wconf 81' lang='lat' dir='ltr'><strong>ineunte</strong></span> <span class='ocrx_word' id='word_1_57' title='bbox 395 973 519 1034; x_wconf 83' lang='lat' dir='ltr'><strong>soeculo</strong></span> <span class='ocrx_word' id='word_1_58' title='bbox 532 970 645 1035; x_wconf 74' lang='lat' dir='ltr'><strong>Christi</strong></span> <span class='ocrx_word' id='word_1_59' title='bbox 665 989 744 1036; x_wconf 90' lang='lat' dir='ltr'><strong>nono</strong></span> <span class='ocrx_word' id='word_1_60' title='bbox 763 974 830 1035; x_wconf 82' lang='lat' dir='ltr'><strong>sice</strong></span> <span class='ocrx_word' id='word_1_61' title='bbox 847 974 905 1035; x_wconf 84' lang='lat' dir='ltr'><strong>snb</strong></span> <span class='ocrx_word' id='word_1_62' title='bbox 925 972 1035 1037; x_wconf 77' lang='lat' dir='ltr'><strong>Coreto</strong></span> <span class='ocrx_word' id='word_1_63' title='bbox 1056 975 1166 1055; x_wconf 82' lang='lat' dir='ltr'><strong>Mopno</strong></span> <span class='ocrx_word' id='word_1_64' title='bbox 1188 979 1312 1056; x_wconf 81' lang='lat' dir='ltr'><strong>spurios</strong></span> <span class='ocrx_word' id='word_1_65' title='bbox 1331 981 1477 1058; x_wconf 74' lang='lat' dir='ltr'><em>epistolas</em></span> 
     </span>
     <span class='ocr_line' id='line_1_8' title="bbox 159 1066 1475 1160; baseline 0.005 -24"><span class='ocrx_word' id='word_1_66' title='bbox 159 1075 320 1153; x_wconf 73' lang='lat' dir='ltr'><strong>scriberet,</strong></span> <span class='ocrx_word' id='word_1_67' title='bbox 342 1077 448 1137; x_wconf 89' lang='lat' dir='ltr'><strong>merito</strong></span> <span class='ocrx_word' id='word_1_68' title='bbox 470 1073 626 1156; x_wconf 60' lang='lat' dir='ltr'><strong>opimiore</strong></span> <span class='ocrx_word' id='word_1_69' title='bbox 642 1077 740 1154; x_wconf 84' lang='lat' dir='ltr'><strong>potuit</strong></span> <span class='ocrx_word' id='word_1_70' title='bbox 751 1094 813 1138; x_wconf 86' lang='lat' dir='ltr'><strong>non</strong></span> <span class='ocrx_word' id='word_1_71' title='bbox 824 1078 886 1139; x_wconf 83' lang='lat' dir='ltr'><strong>nisi</strong></span> <span class='ocrx_word' id='word_1_72' title='bbox 896 1095 1002 1139; x_wconf 82' lang='lat' dir='ltr'><strong>novem</strong></span> <span class='ocrx_word' id='word_1_73' title='bbox 1016 1078 1244 1157; x_wconf 81' lang='lat' dir='ltr'><strong>Profotionidna</strong></span> <span class='ocrx_word' id='word_1_74' title='bbox 1257 1098 1279 1143; x_wconf 84' lang='lat' dir='ltr'><strong>o</strong></span> <span class='ocrx_word' id='word_1_75' title='bbox 1296 1081 1384 1160; x_wconf 81' lang='lat' dir='ltr'><strong>lenpo</strong></span> <span class='ocrx_word' id='word_1_76' title='bbox 1405 1066 1475 1144; x_wconf 73' lang='lat' dir='ltr'><strong>tem</strong></span> 
     </span>
     <span class='ocr_line' id='line_1_9' title="bbox 155 1177 1476 1261; baseline 0.005 -22"><span class='ocrx_word' id='word_1_77' title='bbox 155 1197 233 1257; x_wconf 89' lang='lat' dir='ltr'><strong>pore</strong></span> <span class='ocrx_word' id='word_1_78' title='bbox 245 1179 291 1238; x_wconf 85' lang='lat' dir='ltr'><strong>uti</strong></span> <span class='ocrx_word' id='word_1_79' title='bbox 303 1177 473 1240; x_wconf 79' lang='lat' dir='ltr'><strong>Remmiam</strong></span> <span class='ocrx_word' id='word_1_80' title='bbox 485 1178 653 1256; x_wconf 80' lang='lat' dir='ltr'><strong>ecclesium,</strong></span> <span class='ocrx_word' id='word_1_81' title='bbox 664 1197 736 1249; x_wconf 86' lang='lat' dir='ltr'><strong>nom</strong></span> <span class='ocrx_word' id='word_1_82' title='bbox 747 1198 859 1241; x_wconf 83' lang='lat' dir='ltr'><strong>renero</strong></span> <span class='ocrx_word' id='word_1_83' title='bbox 869 1181 1000 1242; x_wconf 77' lang='lat' dir='ltr'><strong>nonmei</strong></span> <span class='ocrx_word' id='word_1_84' title='bbox 1015 1189 1082 1245; x_wconf 90' lang='lat' dir='ltr'><strong>octo</strong></span> <span class='ocrx_word' id='word_1_85' title='bbox 1093 1189 1149 1243; x_wconf 86' lang='lat' dir='ltr'><strong>out</strong></span> <span class='ocrx_word' id='word_1_86' title='bbox 1160 1200 1276 1261; x_wconf 87' lang='lat' dir='ltr'><strong>nocem,</strong></span> <span class='ocrx_word' id='word_1_87' title='bbox 1296 1191 1352 1245; x_wconf 86' lang='lat' dir='ltr'><strong>ont</strong></span> <span class='ocrx_word' id='word_1_88' title='bbox 1374 1185 1476 1245; x_wconf 85' lang='lat' dir='ltr'><strong>decern</strong></span> 
     </span>
     <span class='ocr_line' id='line_1_10' title="bbox 159 1272 1552 1365; baseline 0.004 -23"><span class='ocrx_word' id='word_1_89' title='bbox 159 1283 226 1360; x_wconf 79' lang='lat' dir='ltr'><strong>(aut</strong></span> <span class='ocrx_word' id='word_1_90' title='bbox 243 1280 403 1342; x_wconf 82' lang='lat' dir='ltr'><strong>undecimi</strong></span> <span class='ocrx_word' id='word_1_91' title='bbox 434 1283 481 1343; x_wconf 86' lang='lat' dir='ltr'><strong>De</strong></span> <span class='ocrx_word' id='word_1_92' title='bbox 498 1283 532 1343; x_wconf 92' lang='lat' dir='ltr'><strong>B.</strong></span> <span class='ocrx_word' id='word_1_93' title='bbox 550 1281 727 1360; x_wconf 71' lang='lat' dir='ltr'><strong>Virginem</strong></span> <span class='ocrx_word' id='word_1_94' title='bbox 748 1285 895 1351; x_wconf 81' lang='lat' dir='ltr'><strong>Praelatio</strong></span> <span class='ocrx_word' id='word_1_95' title='bbox 913 1283 1091 1361; x_wconf 88' lang='lat' dir='ltr'><strong>communis)</strong></span> <span class='ocrx_word' id='word_1_96' title='bbox 1104 1302 1126 1347; x_wconf 86' lang='lat' dir='ltr'><strong>o</strong></span> <span class='ocrx_word' id='word_1_97' title='bbox 1140 1272 1280 1365; x_wconf 72' lang='lat' dir='ltr'><strong>Greporii</strong></span> <span class='ocrx_word' id='word_1_98' title='bbox 1291 1286 1476 1365; x_wconf 77' lang='lat' dir='ltr'><strong>temporibne</strong></span> <span class='ocrx_word' id='word_1_99' title='bbox 1546 1316 1552 1325; x_wconf 80' lang='lat'><em>·</em></span> 
     </span>
     <span class='ocr_line' id='line_1_11' title="bbox 156 1383 1256 1465; baseline 0.004 -22"><span class='ocrx_word' id='word_1_100' title='bbox 156 1383 321 1462; x_wconf 78' lang='lat' dir='ltr'><strong>neurpooit</strong></span> <span class='ocrx_word' id='word_1_101' title='bbox 335 1383 481 1445; x_wconf 76' lang='lat' dir='ltr'><strong>innueris</strong></span> <span class='ocrx_word' id='word_1_102' title='bbox 500 1384 590 1463; x_wconf 75' lang='lat' dir='ltr'><strong>idque</strong></span> <span class='ocrx_word' id='word_1_103' title='bbox 606 1385 810 1465; x_wconf 74' lang='lat' dir='ltr'><strong>antiquissimi</strong></span> <span class='ocrx_word' id='word_1_104' title='bbox 823 1385 943 1447; x_wconf 84' lang='lat' dir='ltr'><strong>codices</strong></span> <span class='ocrx_word' id='word_1_105' title='bbox 965 1393 1126 1454; x_wconf 84' lang='lat' dir='ltr'><strong>testontnr.</strong></span> <span class='ocrx_word' id='word_1_106' title='bbox 1250 1406 1256 1417; x_wconf 95' lang='lat'><strong>·</strong></span> 
     </span>
    </p>

    <p class='ocr_par' dir='ltr' id='par_1_5' title="bbox 105 1486 1555 4638">
     <span class='ocr_line' id='line_1_12' title="bbox 263 1486 1483 1569; baseline 0.003 -20"><span class='ocrx_word' id='word_1_107' title='bbox 263 1486 426 1549; x_wconf 84' lang='lat' dir='ltr'><strong>Ordinatur</strong></span> <span class='ocrx_word' id='word_1_108' title='bbox 445 1488 556 1564; x_wconf 82' lang='lat' dir='ltr'><strong>singuli</strong></span> <span class='ocrx_word' id='word_1_109' title='bbox 579 1490 804 1552; x_wconf 74' lang='lat' dir='ltr'><strong>sacramentarii</strong></span> <span class='ocrx_word' id='word_1_110' title='bbox 835 1490 955 1552; x_wconf 88' lang='lat' dir='ltr'><strong>codices</strong></span> <span class='ocrx_word' id='word_1_111' title='bbox 974 1509 991 1552; x_wconf 88' lang='lat' dir='ltr'><strong>e</strong></span> <span class='ocrx_word' id='word_1_112' title='bbox 1009 1490 1216 1569; x_wconf 87' lang='lat' dir='ltr'><strong>Pmeietiooe,</strong></span> <span class='ocrx_word' id='word_1_113' title='bbox 1242 1500 1274 1551; x_wconf 91' lang='lat' dir='ltr'><strong>ut</strong></span> <span class='ocrx_word' id='word_1_114' title='bbox 1304 1489 1483 1553; x_wconf 65' lang='lat' dir='ltr'><strong>Gelasimus*</strong></span> 
     </span>
     <span class='ocr_line' id='line_1_13' title="bbox 160 1589 1474 1673; baseline 0.003 -23"><span class='ocrx_word' id='word_1_115' title='bbox 160 1589 249 1650; x_wconf 89' lang='lat' dir='ltr'><strong>missa</strong></span> <span class='ocrx_word' id='word_1_116' title='bbox 263 1589 296 1651; x_wconf 81' lang='lat'><strong>1..</strong></span> <span class='ocrx_word' id='word_1_117' title='bbox 311 1589 555 1652; x_wconf 76' lang='lat' dir='ltr'><strong>vindobonensis</strong></span> <span class='ocrx_word' id='word_1_118' title='bbox 569 1591 629 1652; x_wconf 82' lang='lat' dir='ltr'><strong>Son</strong></span> <span class='ocrx_word' id='word_1_119' title='bbox 642 1589 806 1668; x_wconf 83' lang='lat' dir='ltr'><strong>Blasienus,</strong></span> <span class='ocrx_word' id='word_1_120' title='bbox 821 1592 1052 1671; x_wconf 84' lang='lat' dir='ltr'><strong>Petrohuseous,</strong></span> <span class='ocrx_word' id='word_1_121' title='bbox 1066 1594 1276 1656; x_wconf 84' lang='lat' dir='ltr'><strong>Solodorensis</strong></span> <span class='ocrx_word' id='word_1_122' title='bbox 1286 1593 1411 1673; x_wconf 75' lang='lat' dir='ltr'><strong>aliique;</strong></span> <span class='ocrx_word' id='word_1_123' title='bbox 1425 1595 1474 1654; x_wconf 87' lang='lat' dir='ltr'><strong>ha·</strong></span> 
     </span>
     <span class='ocr_line' id='line_1_14' title="bbox 160 1689 1477 1771; baseline 0 -18"><span class='ocrx_word' id='word_1_124' title='bbox 160 1692 232 1753; x_wconf 87' lang='lat' dir='ltr'><strong>bent</strong></span> <span class='ocrx_word' id='word_1_125' title='bbox 253 1693 346 1768; x_wconf 83' lang='lat' dir='ltr'><strong>igitur</strong></span> <span class='ocrx_word' id='word_1_126' title='bbox 375 1691 560 1752; x_wconf 86' lang='lat' dir='ltr'><strong>solummodo</strong></span> <span class='ocrx_word' id='word_1_127' title='bbox 584 1689 704 1753; x_wconf 82' lang='lat' dir='ltr'><strong>Missam</strong></span> <span class='ocrx_word' id='word_1_128' title='bbox 725 1692 879 1753; x_wconf 84' lang='lat' dir='ltr'><strong>Fidelium.</strong></span> <span class='ocrx_word' id='word_1_129' title='bbox 925 1692 979 1754; x_wconf 85' lang='lat' dir='ltr'><strong>lll.</strong></span> <span class='ocrx_word' id='word_1_130' title='bbox 1005 1695 1079 1755; x_wconf 84' lang='lat' dir='ltr'><strong>hoec</strong></span> <span class='ocrx_word' id='word_1_131' title='bbox 1102 1696 1201 1756; x_wconf 86' lang='lat' dir='ltr'><strong>habet.</strong></span> <span class='ocrx_word' id='word_1_132' title='bbox 1242 1693 1324 1755; x_wconf 82' lang='lat' dir='ltr'><strong>Tenc</strong></span> <span class='ocrx_word' id='word_1_133' title='bbox 1352 1695 1477 1771; x_wconf 76' lang='lat' dir='ltr'><strong>incipiat</strong></span> 
     </span>
     <span class='ocr_line' id='line_1_15' title="bbox 158 1791 1473 1873; baseline 0.002 -20"><span class='ocrx_word' id='word_1_134' title='bbox 158 1791 285 1853; x_wconf 87' lang='lat' dir='ltr'><strong>Secreto</strong></span> <span class='ocrx_word' id='word_1_135' title='bbox 310 1792 418 1871; x_wconf 72' lang='lat' dir='ltr'><strong>cnidus</strong></span> <span class='ocrx_word' id='word_1_136' title='bbox 436 1792 531 1871; x_wconf 69' lang='lat' dir='ltr'><strong>linitis</strong></span> <span class='ocrx_word' id='word_1_137' title='bbox 556 1799 586 1852; x_wconf 89' lang='lat' dir='ltr'><strong>et</strong></span> <span class='ocrx_word' id='word_1_138' title='bbox 606 1791 801 1870; x_wconf 81' lang='lat' dir='ltr'><strong>Praefatione</strong></span> <span class='ocrx_word' id='word_1_139' title='bbox 825 1792 907 1854; x_wconf 86' lang='lat' dir='ltr'><strong>dioto</strong></span> <span class='ocrx_word' id='word_1_140' title='bbox 932 1795 1053 1872; x_wconf 82' lang='lat' dir='ltr'><strong>qnorrdo</strong></span> <span class='ocrx_word' id='word_1_141' title='bbox 1079 1795 1133 1855; x_wconf 89' lang='lat' dir='ltr'><strong>olii</strong></span> <span class='ocrx_word' id='word_1_142' title='bbox 1156 1795 1304 1872; x_wconf 83' lang='lat' dir='ltr'><strong>Sanctus,</strong></span> <span class='ocrx_word' id='word_1_143' title='bbox 1330 1794 1473 1873; x_wconf 81' lang='lat' dir='ltr'><strong>Sanctus,</strong></span> 
     </span>
     <span class='ocr_line' id='line_1_16' title="bbox 158 1894 1476 2013; baseline 0.002 -58"><span class='ocrx_word' id='word_1_144' title='bbox 158 1894 293 1955; x_wconf 77' lang='lat' dir='ltr'><strong>Sanctus</strong></span> <span class='ocrx_word' id='word_1_145' title='bbox 318 1895 489 1970; x_wconf 83' lang='lat' dir='ltr'><strong>decantant,</strong></span> <span class='ocrx_word' id='word_1_146' title='bbox 520 1895 596 1956; x_wconf 79' lang='lat' dir='ltr'><strong>doce</strong></span> <span class='ocrx_word' id='word_1_147' title='bbox 621 1897 721 1957; x_wconf 83' lang='lat' dir='ltr'><strong>oratio</strong></span> <span class='ocrx_word' id='word_1_148' title='bbox 746 1895 860 1974; x_wconf 72' lang='lat' dir='ltr'><strong>enesim</strong></span> <span class='ocrx_word' id='word_1_149' title='bbox 885 1895 1013 1958; x_wconf 70' lang='lat' dir='ltr'><strong>decedo</strong></span> <span class='ocrx_word' id='word_1_150' title='bbox 1037 1903 1085 1959; x_wconf 84' lang='lat' dir='ltr'><strong>est</strong></span> <span class='ocrx_word' id='word_1_151' title='bbox 1108 1897 1323 2013; x_wconf 79' lang='lat' dir='ltr'><strong>osecerdote:</strong></span> <span class='ocrx_word' id='word_1_152' title='bbox 1348 1896 1476 1959; x_wconf 87' lang='lat' dir='ltr'><strong>Domina</strong></span> 
     </span>
     <span class='ocr_line' id='line_1_17' title="bbox 157 1996 1529 2075; baseline 0.002 -17"><span class='ocrx_word' id='word_1_153' title='bbox 157 1997 243 2058; x_wconf 67' lang='lat' dir='ltr'><strong>liene</strong></span> <span class='ocrx_word' id='word_1_154' title='bbox 261 1996 315 2075; x_wconf 72' lang='lat' dir='ltr'><strong>qni</strong></span> <span class='ocrx_word' id='word_1_155' title='bbox 337 2014 398 2059; x_wconf 88' lang='lat' dir='ltr'><strong>non</strong></span> <span class='ocrx_word' id='word_1_156' title='bbox 423 2002 549 2058; x_wconf 84' lang='lat' dir='ltr'><strong>mortem</strong></span> <span class='ocrx_word' id='word_1_157' title='bbox 571 2002 629 2058; x_wconf 90' lang='lat' dir='ltr'><strong>ete.</strong></span> <span class='ocrx_word' id='word_1_158' title='bbox 1523 2007 1529 2017; x_wconf 87' lang='lat'>’</span> 
     </span>
     <span class='ocr_line' id='line_1_18' title="bbox 155 2092 1473 2180; baseline 0.002 -19"><span class='ocrx_word' id='word_1_159' title='bbox 155 2092 163 2108; x_wconf 82' lang='grc'><strong>”</strong></span> <span class='ocrx_word' id='word_1_160' title='bbox 256 2098 353 2161; x_wconf 87' lang='lat' dir='ltr'><strong>xtl.</strong></span> <span class='ocrx_word' id='word_1_161' title='bbox 376 2101 493 2162; x_wconf 78' lang='lat' dir='ltr'><strong>Desinit</strong></span> <span class='ocrx_word' id='word_1_162' title='bbox 520 2100 703 2162; x_wconf 82' lang='lat' dir='ltr'><strong>Praelatio</strong></span> <span class='ocrx_word' id='word_1_163' title='bbox 693 2118 724 2159; x_wconf 88' lang='lat' dir='ltr'><strong>m</strong></span> <span class='ocrx_word' id='word_1_164' title='bbox 752 2098 930 2177; x_wconf 74' lang='lat' dir='ltr'><strong>Hymnum</strong></span> <span class='ocrx_word' id='word_1_165' title='bbox 961 2099 1212 2180; x_wconf 82' lang='lat' dir='ltr'><strong>Seraphioum</strong></span> <span class='ocrx_word' id='word_1_166' title='bbox 1241 2101 1290 2162; x_wconf 83' lang='lat' dir='ltr'><strong>vel</strong></span> <span class='ocrx_word' id='word_1_167' title='bbox 1321 2098 1473 2164; x_wconf 64' lang='grc' dir='ltr'><strong>ἐπινίκιον.</strong></span> 
     </span>
     <span class='ocr_line' id='line_1_19' title="bbox 157 2200 1470 2283; baseline 0.002 -20"><span class='ocrx_word' id='word_1_168' title='bbox 157 2202 313 2280; x_wconf 76' lang='lat' dir='ltr'><strong>Legitur</strong></span> <span class='ocrx_word' id='word_1_169' title='bbox 304 2221 334 2262; x_wconf 82' lang='grc' dir='ltr'><strong>ιιι</strong></span> <span class='ocrx_word' id='word_1_170' title='bbox 355 2203 445 2268; x_wconf 90' lang='lat' dir='ltr'><strong>Libro</strong></span> <span class='ocrx_word' id='word_1_171' title='bbox 459 2203 798 2264; x_wconf 82' lang='lat' dir='ltr'><strong>Pontificeli·Sixtom</strong></span> <span class='ocrx_word' id='word_1_172' title='bbox 812 2202 835 2265; x_wconf 90' lang='lat' dir='ltr'><strong>l.</strong></span> <span class='ocrx_word' id='word_1_173' title='bbox 857 2201 953 2279; x_wconf 86' lang='lat' dir='ltr'><strong>(circa</strong></span> <span class='ocrx_word' id='word_1_174' title='bbox 971 2200 1197 2281; x_wconf 77' lang='lat' dir='ltr'><strong>ennumGLL.)1</strong></span> <span class='ocrx_word' id='word_1_175' title='bbox 1217 2205 1419 2283; x_wconf 86' lang='lat' dir='ltr'><strong>constituisse,</strong></span> <span class='ocrx_word' id='word_1_176' title='bbox 1437 2215 1470 2267; x_wconf 91' lang='lat' dir='ltr'><strong>ut</strong></span> 
     </span>
     <span class='ocr_line' id='line_1_20' title="bbox 159 2290 1474 2396; baseline 0.005 -32"><span class='ocrx_word' id='word_1_177' title='bbox 159 2306 312 2391; x_wconf 64' lang='lat' dir='ltr'><strong>missarum</strong></span> <span class='ocrx_word' id='word_1_178' title='bbox 324 2307 442 2366; x_wconf 78' lang='lat' dir='ltr'><strong>actione</strong></span> <span class='ocrx_word' id='word_1_179' title='bbox 456 2306 614 2366; x_wconf 87' lang='lat' dir='ltr'><strong>secerdote</strong></span> <span class='ocrx_word' id='word_1_180' title='bbox 628 2306 789 2385; x_wconf 79' lang='lat' dir='ltr'><strong>incipiente</strong></span> <span class='ocrx_word' id='word_1_181' title='bbox 803 2306 932 2386; x_wconf 89' lang='lat' dir='ltr'><strong>populus</strong></span> <span class='ocrx_word' id='word_1_182' title='bbox 945 2305 1083 2396; x_wconf 68' lang='lat' dir='ltr'><strong>hymnum</strong></span> <span class='ocrx_word' id='word_1_183' title='bbox 1099 2290 1286 2369; x_wconf 80' lang='lat' dir='ltr'><strong>demoleret:</strong></span> <span class='ocrx_word' id='word_1_184' title='bbox 1305 2307 1377 2368; x_wconf 89' lang='lat' dir='ltr'><strong>Son</strong></span> <span class='ocrx_word' id='word_1_185' title='bbox 1388 2316 1423 2369; x_wconf 90' lang='lat' dir='ltr'><strong>ot</strong></span> <span class='ocrx_word' id='word_1_186' title='bbox 1433 2325 1474 2371; x_wconf 84' lang='lat' dir='ltr'><strong>ut</strong></span> 
     </span>
     <span class='ocr_line' id='line_1_21' title="bbox 158 2407 1471 2490; baseline 0.003 -24"><span class='ocrx_word' id='word_1_187' title='bbox 158 2407 323 2466; x_wconf 87' lang='lat' dir='ltr'><strong>Sanctus</strong></span> <span class='ocrx_word' id='word_1_188' title='bbox 354 2407 520 2472; x_wconf 71' lang='lat' dir='ltr'><strong>Sanctus</strong></span> <span class='ocrx_word' id='word_1_189' title='bbox 553 2408 738 2483; x_wconf 80' lang='lat' dir='ltr'><strong>Dominus</strong></span> <span class='ocrx_word' id='word_1_190' title='bbox 768 2407 870 2485; x_wconf 81' lang='lat' dir='ltr'><strong>Deus</strong></span> <span class='ocrx_word' id='word_1_191' title='bbox 904 2407 1088 2485; x_wconf 76' lang='lat' dir='ltr'><strong>Sabaoth,</strong></span> <span class='ocrx_word' id='word_1_192' title='bbox 1127 2408 1207 2490; x_wconf 80' lang='lat' dir='ltr'><strong>quod</strong></span> <span class='ocrx_word' id='word_1_193' title='bbox 1246 2408 1349 2472; x_wconf 88' lang='lat' dir='ltr'><strong>Bona</strong></span> <span class='ocrx_word' id='word_1_194' title='bbox 1382 2419 1471 2490; x_wconf 82' lang='lat' dir='ltr'><strong>etque</strong></span> 
     </span>
     <span class='ocr_line' id='line_1_22' title="bbox 126 2503 1473 2591; baseline 0.004 -23"><span class='ocrx_word' id='word_1_195' title='bbox 126 2525 136 2537; x_wconf 93' lang='lat'><strong>·</strong></span> <span class='ocrx_word' id='word_1_196' title='bbox 157 2509 418 2568; x_wconf 76' lang='lat' dir='ltr'><strong>Assemannus</strong></span> <span class='ocrx_word' id='word_1_197' title='bbox 439 2509 481 2567; x_wconf 86' lang='lat' dir='ltr'><strong>ita</strong></span> <span class='ocrx_word' id='word_1_198' title='bbox 498 2508 680 2584; x_wconf 81' lang='lat' dir='ltr'><strong>intelligunt,</strong></span> <span class='ocrx_word' id='word_1_199' title='bbox 696 2517 727 2567; x_wconf 90' lang='lat' dir='ltr'><strong>ut</strong></span> <span class='ocrx_word' id='word_1_200' title='bbox 742 2503 920 2586; x_wconf 81' lang='lat' dir='ltr'><strong>qu&#39;odentea</strong></span> <span class='ocrx_word' id='word_1_201' title='bbox 931 2503 955 2591; x_wconf 55' lang='lat' dir='ltr'><strong>se</strong></span> <span class='ocrx_word' id='word_1_202' title='bbox 967 2509 1125 2571; x_wconf 86' lang='lat' dir='ltr'><strong>secerdote</strong></span> <span class='ocrx_word' id='word_1_203' title='bbox 1143 2511 1238 2573; x_wconf 87' lang='lat' dir='ltr'><strong>solum</strong></span> <span class='ocrx_word' id='word_1_204' title='bbox 1253 2511 1426 2587; x_wconf 83' lang='lat' dir='ltr'><strong>dicebatur,</strong></span> <span class='ocrx_word' id='word_1_205' title='bbox 1443 2511 1473 2573; x_wconf 91' lang='lat' dir='ltr'><strong>id</strong></span> 
     </span>
     <span class='ocr_line' id='line_1_23' title="bbox 158 2608 1475 2690; baseline 0.005 -22"><span class='ocrx_word' id='word_1_206' title='bbox 158 2609 288 2690; x_wconf 90' lang='lat' dir='ltr'><strong>populus</strong></span> <span class='ocrx_word' id='word_1_207' title='bbox 303 2610 527 2685; x_wconf 69' lang='lat' dir='ltr'><strong>unenimivoce</strong></span> <span class='ocrx_word' id='word_1_208' title='bbox 541 2618 784 2689; x_wconf 70' lang='lat' dir='ltr'><strong>prosequeretur.</strong></span> <span class='ocrx_word' id='word_1_209' title='bbox 805 2608 912 2688; x_wconf 80' lang='lat' dir='ltr'><strong>llagna</strong></span> <span class='ocrx_word' id='word_1_210' title='bbox 926 2611 1047 2683; x_wconf 84' lang='lat' dir='ltr'><strong>omnino</strong></span> <span class='ocrx_word' id='word_1_211' title='bbox 1070 2620 1133 2671; x_wconf 86' lang='lat' dir='ltr'><strong>eret</strong></span> <span class='ocrx_word' id='word_1_212' title='bbox 1148 2610 1340 2671; x_wconf 83' lang='lat' dir='ltr'><strong>ecclesiarum</strong></span> <span class='ocrx_word' id='word_1_213' title='bbox 1364 2614 1395 2671; x_wconf 91' lang='lat' dir='ltr'><strong>in</strong></span> <span class='ocrx_word' id='word_1_214' title='bbox 1415 2612 1475 2674; x_wconf 76' lang='lat' dir='ltr'><strong>lnoo</strong></span> 
     </span>
     <span class='ocr_line' id='line_1_24' title="bbox 157 2709 1474 2793; baseline 0.002 -21"><span class='ocrx_word' id='word_1_215' title='bbox 157 2730 276 2793; x_wconf 88' lang='lat' dir='ltr'><strong>quoque</strong></span> <span class='ocrx_word' id='word_1_216' title='bbox 289 2712 404 2773; x_wconf 79' lang='lat' dir='ltr'><strong>cantico</strong></span> <span class='ocrx_word' id='word_1_217' title='bbox 421 2711 589 2773; x_wconf 83' lang='lat' dir='ltr'><strong>diversitas.</strong></span> <span class='ocrx_word' id='word_1_218' title='bbox 632 2711 796 2791; x_wconf 71' lang='lat' dir='ltr'><strong>Nemapud</strong></span> <span class='ocrx_word' id='word_1_219' title='bbox 810 2709 951 2790; x_wconf 78' lang='lat' dir='ltr'><strong>quosdam</strong></span> <span class='ocrx_word' id='word_1_220' title='bbox 973 2712 1144 2772; x_wconf 79' lang='lat' dir='ltr'><strong>cantabatur</strong></span> <span class='ocrx_word' id='word_1_221' title='bbox 1162 2730 1222 2777; x_wconf 86' lang='lat' dir='ltr'><strong>non</strong></span> <span class='ocrx_word' id='word_1_222' title='bbox 1244 2713 1302 2773; x_wconf 89' lang='lat' dir='ltr'><strong>nisi</strong></span> <span class='ocrx_word' id='word_1_223' title='bbox 1325 2713 1354 2773; x_wconf 92' lang='lat' dir='ltr'><strong>in</strong></span> <span class='ocrx_word' id='word_1_224' title='bbox 1375 2713 1474 2774; x_wconf 87' lang='lat' dir='ltr'><strong>missis</strong></span> 
     </span>
     <span class='ocr_line' id='line_1_25' title="bbox 159 2810 1474 2894; baseline 0.001 -19"><span class='ocrx_word' id='word_1_225' title='bbox 159 2814 411 2890; x_wconf 78' lang='lat' dir='ltr'><strong>sollenrnioribus,</strong></span> <span class='ocrx_word' id='word_1_226' title='bbox 430 2834 517 2894; x_wconf 86' lang='lat' dir='ltr'><strong>quem</strong></span> <span class='ocrx_word' id='word_1_227' title='bbox 532 2832 615 2876; x_wconf 90' lang='lat' dir='ltr'><strong>usum</strong></span> <span class='ocrx_word' id='word_1_228' title='bbox 628 2815 723 2893; x_wconf 84' lang='lat' dir='ltr'><strong>carpit</strong></span> <span class='ocrx_word' id='word_1_229' title='bbox 737 2810 900 2875; x_wconf 81' lang='lat' dir='ltr'><strong>Concilium</strong></span> <span class='ocrx_word' id='word_1_230' title='bbox 913 2813 1047 2874; x_wconf 86' lang='lat' dir='ltr'><strong>Vesense</strong></span> <span class='ocrx_word' id='word_1_231' title='bbox 1060 2813 1193 2875; x_wconf 87' lang='lat' dir='ltr'><strong>DXXIX.</strong></span> <span class='ocrx_word' id='word_1_232' title='bbox 1208 2813 1352 2876; x_wconf 90' lang='lat' dir='ltr'><strong>iubendo:</strong></span> <span class='ocrx_word' id='word_1_233' title='bbox 1383 2812 1422 2875; x_wconf 82' lang='lat' dir='ltr'><strong>tn</strong></span> <span class='ocrx_word' id='word_1_234' title='bbox 1434 2815 1474 2882; x_wconf 79' lang='lat' dir='ltr'><strong>,in</strong></span> 
     </span>
     <span class='ocr_line' id='line_1_26' title="bbox 157 2898 1472 2995; baseline 0.001 -18"><span class='ocrx_word' id='word_1_235' title='bbox 157 2915 294 2977; x_wconf 82' lang='lat' dir='ltr'><strong>omnibns</strong></span> <span class='ocrx_word' id='word_1_236' title='bbox 306 2916 409 2976; x_wconf 82' lang='lat' dir='ltr'><strong>missis</strong></span> <span class='ocrx_word' id='word_1_237' title='bbox 430 2917 495 2978; x_wconf 83' lang='lat' dir='ltr'><strong>sice</strong></span> <span class='ocrx_word' id='word_1_238' title='bbox 516 2916 670 2977; x_wconf 73' lang='lat' dir='ltr'><strong>mmmm</strong></span> <span class='ocrx_word' id='word_1_239' title='bbox 682 2916 747 2977; x_wconf 79' lang='lat' dir='ltr'><strong>sive</strong></span> <span class='ocrx_word' id='word_1_240' title='bbox 760 2914 1084 2995; x_wconf 65' lang='lat' dir='ltr'><strong>quadragesimalibus,</strong></span> <span class='ocrx_word' id='word_1_241' title='bbox 1106 2915 1157 2977; x_wconf 87' lang='lat' dir='ltr'><strong>oet</strong></span> <span class='ocrx_word' id='word_1_242' title='bbox 1169 2898 1249 2994; x_wconf 77' lang='lat' dir='ltr'><strong>quoe</strong></span> <span class='ocrx_word' id='word_1_243' title='bbox 1264 2915 1297 2975; x_wconf 87' lang='lat' dir='ltr'><strong>in</strong></span> <span class='ocrx_word' id='word_1_244' title='bbox 1317 2914 1472 2994; x_wconf 80' lang='lat' dir='ltr'><strong>defuncto·</strong></span> 
     </span>
     <span class='ocr_line' id='line_1_27' title="bbox 158 3003 1475 3098; baseline 0.002 -19"><span class='ocrx_word' id='word_1_245' title='bbox 158 3037 227 3079; x_wconf 85' lang='lat' dir='ltr'><strong>rum</strong></span> <span class='ocrx_word' id='word_1_246' title='bbox 252 3019 564 3080; x_wconf 77' lang='lat' dir='ltr'><strong>commemorationem</strong></span> <span class='ocrx_word' id='word_1_247' title='bbox 580 3020 667 3098; x_wconf 66' lang='lat' dir='ltr'><strong>fiunt,</strong></span> <span class='ocrx_word' id='word_1_248' title='bbox 685 3036 804 3097; x_wconf 78' lang='lat' dir='ltr'><strong>senoper</strong></span> <span class='ocrx_word' id='word_1_249' title='bbox 819 3003 967 3094; x_wconf 69' lang='lat' dir='ltr'><strong>scentes,</strong></span> <span class='ocrx_word' id='word_1_250' title='bbox 989 3017 1121 3093; x_wconf 75' lang='lat' dir='ltr'><strong>Sonctos</strong></span> <span class='ocrx_word' id='word_1_251' title='bbox 1139 3037 1175 3079; x_wconf 91' lang='lat' dir='ltr'><strong>eo</strong></span> <span class='ocrx_word' id='word_1_252' title='bbox 1195 3017 1352 3081; x_wconf 74' lang='lat' dir='ltr'><strong>ordinent</strong></span> <span class='ocrx_word' id='word_1_253' title='bbox 1362 3021 1475 3081; x_wconf 68' lang='lat' dir='ltr'><strong>missos</strong></span> 
     </span>
     <span class='ocr_line' id='line_1_28' title="bbox 155 3119 1473 3200; baseline 0.001 -19"><span class='ocrx_word' id='word_1_254' title='bbox 155 3119 273 3199; x_wconf 85' lang='lat' dir='ltr'><strong>publice</strong></span> <span class='ocrx_word' id='word_1_255' title='bbox 289 3121 351 3182; x_wconf 86' lang='lat' dir='ltr'><strong>dici</strong></span> <span class='ocrx_word' id='word_1_256' title='bbox 368 3120 498 3182; x_wconf 82' lang='lat' dir='ltr'><strong>debent:</strong></span> <span class='ocrx_word' id='word_1_257' title='bbox 525 3122 597 3200; x_wconf 81' lang='lat' dir='ltr'><strong>qnia</strong></span> <span class='ocrx_word' id='word_1_258' title='bbox 620 3129 683 3182; x_wconf 89' lang='lat' dir='ltr'><strong>tom</strong></span> <span class='ocrx_word' id='word_1_259' title='bbox 703 3120 799 3183; x_wconf 84' lang='lat' dir='ltr'><strong>dulcis</strong></span> <span class='ocrx_word' id='word_1_260' title='bbox 823 3127 853 3182; x_wconf 89' lang='lat' dir='ltr'><strong>et</strong></span> <span class='ocrx_word' id='word_1_261' title='bbox 876 3119 1085 3182; x_wconf 76' lang='lat' dir='ltr'><strong>desiderabilis</strong></span> <span class='ocrx_word' id='word_1_262' title='bbox 1110 3121 1308 3183; x_wconf 79' lang='lat' dir='ltr'><strong>eoeetiomsi</strong></span> <span class='ocrx_word' id='word_1_263' title='bbox 1326 3121 1378 3181; x_wconf 86' lang='lat' dir='ltr'><strong>din</strong></span> <span class='ocrx_word' id='word_1_264' title='bbox 1403 3139 1473 3182; x_wconf 91' lang='lat' dir='ltr'><strong>noo·</strong></span> 
     </span>
     <span class='ocr_line' id='line_1_29' title="bbox 157 3223 1472 3302; baseline 0.002 -19"><span class='ocrx_word' id='word_1_265' title='bbox 157 3231 247 3302; x_wconf 76' lang='lat' dir='ltr'><strong>luppo</strong></span> <span class='ocrx_word' id='word_1_266' title='bbox 268 3223 329 3284; x_wconf 88' lang='lat' dir='ltr'><strong>dici</strong></span> <span class='ocrx_word' id='word_1_267' title='bbox 347 3231 469 3302; x_wconf 83' lang='lat' dir='ltr'><strong>posset,</strong></span> <span class='ocrx_word' id='word_1_268' title='bbox 495 3223 654 3301; x_wconf 78' lang='lat' dir='ltr'><strong>festidium</strong></span> <span class='ocrx_word' id='word_1_269' title='bbox 676 3242 737 3285; x_wconf 89' lang='lat' dir='ltr'><strong>non</strong></span> <span class='ocrx_word' id='word_1_270' title='bbox 758 3229 860 3301; x_wconf 82' lang='lat' dir='ltr'><strong>potest</strong></span> <span class='ocrx_word' id='word_1_271' title='bbox 879 3241 1037 3302; x_wconf 76' lang='lat' dir='ltr'><strong>penerore.</strong></span> <span class='ocrx_word' id='word_1_272' title='bbox 1077 3223 1184 3286; x_wconf 88' lang='lat' dir='ltr'><strong>Notum</strong></span> <span class='ocrx_word' id='word_1_273' title='bbox 1200 3233 1257 3301; x_wconf 89' lang='lat' dir='ltr'><strong>est,</strong></span> <span class='ocrx_word' id='word_1_274' title='bbox 1277 3242 1355 3285; x_wconf 91' lang='lat' dir='ltr'><strong>nuno</strong></span> <span class='ocrx_word' id='word_1_275' title='bbox 1370 3242 1472 3285; x_wconf 88' lang='lat' dir='ltr'><strong>omnes</strong></span> 
     </span>
     <span class='ocr_line' id='line_1_30' title="bbox 157 3327 1473 3407; baseline 0 -20"><span class='ocrx_word' id='word_1_276' title='bbox 157 3327 360 3388; x_wconf 87' lang='lat' dir='ltr'><strong>Praeietiones</strong></span> <span class='ocrx_word' id='word_1_277' title='bbox 375 3328 513 3388; x_wconf 87' lang='lat' dir='ltr'><strong>desinere</strong></span> <span class='ocrx_word' id='word_1_278' title='bbox 534 3330 563 3388; x_wconf 90' lang='lat' dir='ltr'><strong>in</strong></span> <span class='ocrx_word' id='word_1_279' title='bbox 581 3328 872 3404; x_wconf 78' lang='lat' dir='ltr'><strong>angelorumverba.</strong></span> <span class='ocrx_word' id='word_1_280' title='bbox 908 3327 1003 3391; x_wconf 89' lang='lat' dir='ltr'><strong>Porro</strong></span> <span class='ocrx_word' id='word_1_281' title='bbox 1018 3330 1119 3406; x_wconf 80' lang='lat' dir='ltr'><strong>quaeri</strong></span> <span class='ocrx_word' id='word_1_282' title='bbox 1134 3336 1253 3407; x_wconf 83' lang='lat' dir='ltr'><strong>potest,</strong></span> <span class='ocrx_word' id='word_1_283' title='bbox 1268 3345 1305 3387; x_wconf 83' lang='lat' dir='ltr'><strong>sn</strong></span> <span class='ocrx_word' id='word_1_284' title='bbox 1319 3327 1429 3406; x_wconf 89' lang='lat' dir='ltr'><strong>ubique</strong></span> <span class='ocrx_word' id='word_1_285' title='bbox 1443 3336 1473 3387; x_wconf 90' lang='lat' dir='ltr'><strong>et</strong></span> 
     </span>
     <span class='ocr_line' id='line_1_31' title="bbox 138 3416 1472 3508; baseline 0.004 -20"><span class='ocrx_word' id='word_1_286' title='bbox 138 3429 236 3508; x_wconf 64' lang='lat' dir='ltr'><strong>epod</strong></span> <span class='ocrx_word' id='word_1_287' title='bbox 250 3416 353 3504; x_wconf 77' lang='lat' dir='ltr'><strong>omnes</strong></span> <span class='ocrx_word' id='word_1_288' title='bbox 368 3431 397 3491; x_wconf 90' lang='lat' dir='ltr'><strong>io</strong></span> <span class='ocrx_word' id='word_1_289' title='bbox 412 3450 464 3490; x_wconf 87' lang='lat' dir='ltr'><strong>usu</strong></span> <span class='ocrx_word' id='word_1_290' title='bbox 479 3431 589 3491; x_wconf 86' lang='lat' dir='ltr'><strong>luerint</strong></span> <span class='ocrx_word' id='word_1_291' title='bbox 602 3432 710 3493; x_wconf 84' lang='lat' dir='ltr'><strong>verba:</strong></span> <span class='ocrx_word' id='word_1_292' title='bbox 736 3424 845 3492; x_wconf 81' lang='lat' dir='ltr'><strong>Pleni</strong></span> <span class='ocrx_word' id='word_1_293' title='bbox 861 3438 948 3507; x_wconf 83' lang='lat' dir='ltr'><strong>sunt</strong></span> <span class='ocrx_word' id='word_1_294' title='bbox 961 3444 1004 3491; x_wconf 83' lang='lat' dir='ltr'><strong>co</strong></span> <span class='ocrx_word' id='word_1_295' title='bbox 1015 3429 1066 3491; x_wconf 92' lang='lat' dir='ltr'><strong>eli</strong></span> <span class='ocrx_word' id='word_1_296' title='bbox 1081 3439 1110 3503; x_wconf 79' lang='lat' dir='ltr'><strong>et</strong></span> <span class='ocrx_word' id='word_1_297' title='bbox 1126 3448 1200 3508; x_wconf 88' lang='lat' dir='ltr'><strong>quae</strong></span> <span class='ocrx_word' id='word_1_298' title='bbox 1215 3438 1385 3507; x_wconf 86' lang='lat' dir='ltr'><strong>sequuntur.</strong></span> <span class='ocrx_word' id='word_1_299' title='bbox 1405 3429 1472 3495; x_wconf 82' lang='lat' dir='ltr'><strong>Non</strong></span> 
     </span>
     <span class='ocr_line' id='line_1_32' title="bbox 138 3522 1472 3611; baseline 0.001 -21"><span class='ocrx_word' id='word_1_300' title='bbox 138 3522 299 3606; x_wconf 77' lang='lat' dir='ltr'><strong>&#39;leguntur</strong></span> <span class='ocrx_word' id='word_1_301' title='bbox 316 3532 347 3590; x_wconf 91' lang='lat' dir='ltr'><strong>ln</strong></span> <span class='ocrx_word' id='word_1_302' title='bbox 368 3532 464 3592; x_wconf 89' lang='lat' dir='ltr'><strong>multis</strong></span> <span class='ocrx_word' id='word_1_303' title='bbox 487 3532 660 3606; x_wconf 81' lang='lat' dir='ltr'><strong>codicibus,</strong></span> <span class='ocrx_word' id='word_1_304' title='bbox 680 3552 739 3595; x_wconf 91' lang='lat' dir='ltr'><strong>non</strong></span> <span class='ocrx_word' id='word_1_305' title='bbox 760 3542 1026 3596; x_wconf 87' lang='lat' dir='ltr'><strong>commemorantur</strong></span> <span class='ocrx_word' id='word_1_306' title='bbox 1046 3533 1076 3592; x_wconf 90' lang='lat' dir='ltr'><strong>in</strong></span> <span class='ocrx_word' id='word_1_307' title='bbox 1103 3531 1241 3607; x_wconf 74' lang='lat' dir='ltr'><strong>symbolo</strong></span> <span class='ocrx_word' id='word_1_308' title='bbox 1264 3532 1472 3611; x_wconf 86' lang='lat' dir='ltr'><strong>episcoporum</strong></span> 
     </span>
     <span class='ocr_line' id='line_1_33' title="bbox 116 3616 1555 3720; baseline 0.001 -27"><span class='ocrx_word' id='word_1_309' title='bbox 116 3630 123 3643; x_wconf 88' lang='lat'>&#39;</span> <span class='ocrx_word' id='word_1_310' title='bbox 157 3630 292 3720; x_wconf 75' lang='lat' dir='ltr'><strong>Atticae.-</strong></span> <span class='ocrx_word' id='word_1_311' title='bbox 320 3630 395 3703; x_wconf 75' lang='lat' dir='ltr'><strong>llisl.</strong></span> <span class='ocrx_word' id='word_1_312' title='bbox 410 3616 526 3711; x_wconf 78' lang='lat' dir='ltr'><strong>perseo.</strong></span> <span class='ocrx_word' id='word_1_313' title='bbox 537 3633 724 3694; x_wconf 86' lang='lat' dir='ltr'><strong>Vandal.·lll.</strong></span> <span class='ocrx_word' id='word_1_314' title='bbox 739 3632 790 3697; x_wconf 79' lang='lat'><strong>23.</strong></span> <span class='ocrx_word' id='word_1_315' title='bbox 808 3640 838 3714; x_wconf 86' lang='lat' dir='ltr'><strong>p.&#39;</strong></span> <span class='ocrx_word' id='word_1_316' title='bbox 852 3631 904 3697; x_wconf 74' lang='lat'><strong>62.</strong></span> <span class='ocrx_word' id='word_1_317' title='bbox 920 3635 967 3695; x_wconf 90' lang='lat' dir='ltr'><strong>ed.</strong></span> <span class='ocrx_word' id='word_1_318' title='bbox 989 3634 1127 3700; x_wconf 68' lang='lat' dir='ltr'><strong>Ruinam</strong></span> <span class='ocrx_word' id='word_1_319' title='bbox 1150 3632 1305 3694; x_wconf 63' lang='lat' dir='ltr'><strong>&amp;erarius</strong></span> <span class='ocrx_word' id='word_1_320' title='bbox 1318 3634 1472 3709; x_wconf 79' lang='lat' dir='ltr'><strong>Arelatem·-</strong></span> <span class='ocrx_word' id='word_1_321' title='bbox 1493 3693 1497 3703; x_wconf 88' lang='grc'>,</span> <span class='ocrx_word' id='word_1_322' title='bbox 1552 3656 1555 3661; x_wconf 89' lang='grc'><strong><em>·</em></strong></span> 
     </span>
     <span class='ocr_line' id='line_1_34' title="bbox 119 3724 1472 3825; baseline 0.001 -30"><span class='ocrx_word' id='word_1_323' title='bbox 119 3781 129 3795; x_wconf 95' lang='grc'><strong>.</strong></span> <span class='ocrx_word' id='word_1_324' title='bbox 158 3724 1130 3825; x_wconf 74' lang='lat' dir='ltr'><strong>sispostSanctusilletantomverbanden:Benediciusqui</strong></span> <span class='ocrx_word' id='word_1_325' title='bbox 1148 3738 1257 3797; x_wconf 83' lang='lat' dir='ltr'><strong>venit</strong></span> <span class='ocrx_word' id='word_1_326' title='bbox 1274 3738 1472 3822; x_wconf 79' lang='lat' dir='ltr'><strong>innomine</strong></span> 
     </span>
     <span class='ocr_line' id='line_1_35' title="bbox 157 3837 1471 3928; baseline 0.002 -31"><span class='ocrx_word' id='word_1_327' title='bbox 157 3837 317 3905; x_wconf 83' lang='lat' dir='ltr'><strong>Domini.</strong></span> <span class='ocrx_word' id='word_1_328' title='bbox 338 3837 649 3915; x_wconf 79' lang='lat' dir='ltr'><strong>Sedlibenteriateor,</strong></span> <span class='ocrx_word' id='word_1_329' title='bbox 664 3838 736 3899; x_wconf 85' lang='lat' dir='ltr'><strong>nihil</strong></span> <span class='ocrx_word' id='word_1_330' title='bbox 745 3841 818 3901; x_wconf 87' lang='lat' dir='ltr'><strong>certi</strong></span> <span class='ocrx_word' id='word_1_331' title='bbox 830 3838 874 3898; x_wconf 87' lang='lat' dir='ltr'><strong>his</strong></span> <span class='ocrx_word' id='word_1_332' title='bbox 883 3837 956 3899; x_wconf 90' lang='lat' dir='ltr'><strong>locis</strong></span> <span class='ocrx_word' id='word_1_333' title='bbox 966 3839 1075 3899; x_wconf 86' lang='lat' dir='ltr'><strong>inesse</strong></span> <span class='ocrx_word' id='word_1_334' title='bbox 1090 3837 1471 3928; x_wconf 73' lang='lat' dir='ltr'><strong>Derituca&#39;ntnndiBinte·</strong></span> 
     </span>
     <span class='ocr_line' id='line_1_36' title="bbox 157 3935 1472 4019; baseline 0.001 -20"><span class='ocrx_word' id='word_1_335' title='bbox 157 3940 228 3999; x_wconf 89' lang='lat' dir='ltr'><strong>rim</strong></span> <span class='ocrx_word' id='word_1_336' title='bbox 247 3939 370 4002; x_wconf 83' lang='lat' dir='ltr'><strong>Denlrw.</strong></span> <span class='ocrx_word' id='word_1_337' title='bbox 386 3939 448 4017; x_wconf 78' lang='lat' dir='ltr'><strong>tv,</strong></span> <span class='ocrx_word' id='word_1_338' title='bbox 471 3940 533 4017; x_wconf 92' lang='lat' dir='ltr'><strong>lll.,</strong></span> <span class='ocrx_word' id='word_1_339' title='bbox 555 3936 643 4001; x_wconf 68' lang='lat' dir='ltr'><strong>soe:</strong></span> <span class='ocrx_word' id='word_1_340' title='bbox 668 3939 726 4002; x_wconf 85' lang='lat' dir='ltr'><strong>Die</strong></span> <span class='ocrx_word' id='word_1_341' title='bbox 747 3939 867 4019; x_wconf 74' lang='lat' dir='ltr'><strong>specte</strong></span> <span class='ocrx_word' id='word_1_342' title='bbox 887 3935 1171 4003; x_wconf 63' lang='lat' dir='ltr'><strong>miserentes</strong></span> <span class='ocrx_word' id='word_1_343' title='bbox 1194 3940 1373 4019; x_wconf 88' lang='lat' dir='ltr'><strong>cerordnet,</strong></span> <span class='ocrx_word' id='word_1_344' title='bbox 1397 3941 1472 4003; x_wconf 77' lang='lat' dir='ltr'><strong>dosa</strong></span> 
     </span>
     <span class='ocr_line' id='line_1_37' title="bbox 105 4027 1472 4122; baseline 0.001 -22"><span class='ocrx_word' id='word_1_345' title='bbox 105 4110 107 4114; x_wconf 11' lang='grc' dir='ltr'><em>Α</em></span> <span class='ocrx_word' id='word_1_346' title='bbox 158 4040 215 4100; x_wconf 90' lang='lat' dir='ltr'><strong>der</strong></span> <span class='ocrx_word' id='word_1_347' title='bbox 227 4039 361 4102; x_wconf 82' lang='lat' dir='ltr'><strong>Primter</strong></span> <span class='ocrx_word' id='word_1_348' title='bbox 372 4041 504 4103; x_wconf 85' lang='lat' dir='ltr'><strong>mitdem</strong></span> <span class='ocrx_word' id='word_1_349' title='bbox 520 4040 612 4104; x_wconf 84' lang='lat' dir='ltr'><strong>Vollre</strong></span> <span class='ocrx_word' id='word_1_350' title='bbox 623 4041 898 4121; x_wconf 78' lang='lat' dir='ltr'><strong>pemrmactmftliclt</strong></span> <span class='ocrx_word' id='word_1_351' title='bbox 917 4041 976 4104; x_wconf 74' lang='lat' dir='ltr'><strong>doe</strong></span> <span class='ocrx_word' id='word_1_352' title='bbox 991 4027 1124 4104; x_wconf 78' lang='lat' dir='ltr'><strong>Sanctus</strong></span> <span class='ocrx_word' id='word_1_353' title='bbox 1143 4046 1235 4122; x_wconf 83' lang='lat' dir='ltr'><strong>sinpe.</strong></span> <span class='ocrx_word' id='word_1_354' title='bbox 1272 4042 1360 4105; x_wconf 80' lang='lat' dir='ltr'><strong>Nocte</strong></span> <span class='ocrx_word' id='word_1_355' title='bbox 1374 4045 1472 4105; x_wconf 82' lang='lat' dir='ltr'><strong>dieser</strong></span> 
     </span>
     <span class='ocr_line' id='line_1_38' title="bbox 163 4139 1472 4222; baseline 0.002 -21"><span class='ocrx_word' id='word_1_356' title='bbox 163 4139 338 4222; x_wconf 74' lang='lat' dir='ltr'><strong>Verfrtpnnp</strong></span> <span class='ocrx_word' id='word_1_357' title='bbox 354 4144 469 4206; x_wconf 77' lang='lat' dir='ltr'><strong>seleint</strong></span> <span class='ocrx_word' id='word_1_358' title='bbox 487 4145 554 4206; x_wconf 81' lang='lat' dir='ltr'><strong>otro</strong></span> <span class='ocrx_word' id='word_1_359' title='bbox 573 4146 629 4207; x_wconf 90' lang='lat' dir='ltr'><strong>der</strong></span> <span class='ocrx_word' id='word_1_360' title='bbox 640 4146 775 4207; x_wconf 83' lang='lat' dir='ltr'><strong>Priester</strong></span> <span class='ocrx_word' id='word_1_361' title='bbox 787 4164 838 4207; x_wconf 89' lang='lat' dir='ltr'><strong>om</strong></span> <span class='ocrx_word' id='word_1_362' title='bbox 855 4143 962 4209; x_wconf 87' lang='lat' dir='ltr'><strong>Attore</strong></span> <span class='ocrx_word' id='word_1_363' title='bbox 980 4146 1038 4207; x_wconf 78' lang='lat' dir='ltr'><strong>dos</strong></span> <span class='ocrx_word' id='word_1_364' title='bbox 1060 4145 1240 4208; x_wconf 76' lang='lat' dir='ltr'><strong>Sanctnsin</strong></span> <span class='ocrx_word' id='word_1_365' title='bbox 1252 4147 1319 4209; x_wconf 89' lang='lat' dir='ltr'><strong>dem</strong></span> <span class='ocrx_word' id='word_1_366' title='bbox 1335 4146 1397 4208; x_wconf 82' lang='lat' dir='ltr'><strong>Ten</strong></span> <span class='ocrx_word' id='word_1_367' title='bbox 1416 4144 1472 4204; x_wconf 86' lang='lat' dir='ltr'><strong>der</strong></span> 
     </span>
     <span class='ocr_line' id='line_1_39' title="bbox 158 4232 1543 4330; baseline 0.001 -25"><span class='ocrx_word' id='word_1_368' title='bbox 158 4243 336 4325; x_wconf 76' lang='lat' dir='ltr'><strong>Praefation</strong></span> <span class='ocrx_word' id='word_1_369' title='bbox 353 4246 579 4327; x_wconf 79' lang='lat' dir='ltr'><strong>fortpeannpen.</strong></span> <span class='ocrx_word' id='word_1_370' title='bbox 596 4249 660 4310; x_wconf 77' lang='lat' dir='ltr'><strong>cred</strong></span> <span class='ocrx_word' id='word_1_371' title='bbox 685 4250 744 4329; x_wconf 78' lang='lat' dir='ltr'><strong>des</strong></span> <span class='ocrx_word' id='word_1_372' title='bbox 755 4247 836 4330; x_wconf 56' lang='lat' dir='ltr'><strong>‚Velle</strong></span> <span class='ocrx_word' id='word_1_373' title='bbox 850 4249 948 4311; x_wconf 78' lang='lat' dir='ltr'><strong>dorcic</strong></span> <span class='ocrx_word' id='word_1_374' title='bbox 967 4249 1026 4310; x_wconf 86' lang='lat' dir='ltr'><strong>dos</strong></span> <span class='ocrx_word' id='word_1_375' title='bbox 1045 4251 1149 4311; x_wconf 78' lang='lat' dir='ltr'><strong>nmeite</strong></span> <span class='ocrx_word' id='word_1_376' title='bbox 1168 4249 1300 4311; x_wconf 79' lang='lat' dir='ltr'><strong>Sonctm</strong></span> <span class='ocrx_word' id='word_1_377' title='bbox 1324 4245 1471 4312; x_wconf 83' lang='lat' dir='ltr'><strong>oietleicltt</strong></span> <span class='ocrx_word' id='word_1_378' title='bbox 1538 4232 1543 4240; x_wconf 48' lang='lat'>⁸</span> 
     </span>
     <span class='ocr_line' id='line_1_40' title="bbox 107 4331 1471 4432; baseline 0.002 -24"><span class='ocrx_word' id='word_1_379' title='bbox 107 4388 116 4394; x_wconf 87' lang='lat'><em>-</em></span> <span class='ocrx_word' id='word_1_380' title='bbox 158 4355 357 4426; x_wconf 77' lang='lat' dir='ltr'><strong>peontmortet</strong></span> <span class='ocrx_word' id='word_1_381' title='bbox 369 4369 410 4410; x_wconf 75' lang='lat' dir='ltr'><strong>nn</strong></span> <span class='ocrx_word' id='word_1_382' title='bbox 422 4349 520 4411; x_wconf 80' lang='lat' dir='ltr'><strong>doben</strong></span> <span class='ocrx_word' id='word_1_383' title='bbox 530 4374 546 4420; x_wconf 88' lang='lat'><strong>,·</strong></span> <span class='ocrx_word' id='word_1_384' title='bbox 567 4349 695 4427; x_wconf 64' lang='lat' dir='ltr'><strong>moroni</strong></span> <span class='ocrx_word' id='word_1_385' title='bbox 700 4351 779 4413; x_wconf 89' lang='lat' dir='ltr'><strong>denn</strong></span> <span class='ocrx_word' id='word_1_386' title='bbox 790 4352 967 4431; x_wconf 78' lang='lat' dir='ltr'><strong>einctimmip</strong></span> <span class='ocrx_word' id='word_1_387' title='bbox 979 4353 1036 4413; x_wconf 90' lang='lat' dir='ltr'><strong>der</strong></span> <span class='ocrx_word' id='word_1_388' title='bbox 1049 4331 1188 4432; x_wconf 69' lang='lat' dir='ltr'><strong>folpende</strong></span> <span class='ocrx_word' id='word_1_389' title='bbox 1207 4351 1282 4411; x_wconf 82' lang='lat' dir='ltr'><strong>Vers</strong></span> <span class='ocrx_word' id='word_1_390' title='bbox 1292 4349 1471 4431; x_wconf 68' lang='lat' dir='ltr'><strong>fortpesetnl</strong></span> 
     </span>
     <span class='ocr_line' id='line_1_41' title="bbox 160 4451 1469 4533; baseline 0.004 -23"><span class='ocrx_word' id='word_1_391' title='bbox 160 4451 274 4513; x_wconf 77' lang='lat' dir='ltr'><strong>werde.</strong></span> <span class='ocrx_word' id='word_1_392' title='bbox 290 4482 336 4495; x_wconf 87' lang='lat'><em>-</em></span> <span class='ocrx_word' id='word_1_393' title='bbox 361 4484 399 4495; x_wconf 90' lang='lat'>-</span> <span class='ocrx_word' id='word_1_394' title='bbox 416 4451 475 4515; x_wconf 86' lang='lat' dir='ltr'><strong>Die</strong></span> <span class='ocrx_word' id='word_1_395' title='bbox 491 4452 590 4515; x_wconf 76' lang='lat' dir='ltr'><strong>Misso</strong></span> <span class='ocrx_word' id='word_1_396' title='bbox 601 4454 717 4533; x_wconf 72' lang='lat' dir='ltr'><strong>Illyrici</strong></span> <span class='ocrx_word' id='word_1_397' title='bbox 727 4455 833 4517; x_wconf 80' lang='lat' dir='ltr'><strong>reeicit</strong></span> <span class='ocrx_word' id='word_1_398' title='bbox 845 4455 911 4516; x_wconf 75' lang='lat' dir='ltr'><strong>mer</strong></span> <span class='ocrx_word' id='word_1_399' title='bbox 924 4456 1028 4517; x_wconf 85' lang='lat' dir='ltr'><strong>meiter</strong></span> <span class='ocrx_word' id='word_1_400' title='bbox 1040 4455 1090 4520; x_wconf 85' lang='lat' dir='ltr'><strong>ob.</strong></span> <span class='ocrx_word' id='word_1_401' title='bbox 1130 4454 1257 4516; x_wconf 76' lang='lat' dir='ltr'><strong>Erstens</strong></span> <span class='ocrx_word' id='word_1_402' title='bbox 1268 4453 1347 4532; x_wconf 79' lang='lat' dir='ltr'><strong>piebt</strong></span> <span class='ocrx_word' id='word_1_403' title='bbox 1359 4455 1405 4514; x_wconf 78' lang='lat' dir='ltr'><strong>ste</strong></span> <span class='ocrx_word' id='word_1_404' title='bbox 1417 4471 1469 4528; x_wconf 80' lang='lat' dir='ltr'><strong>ore,</strong></span> 
     </span>
     <span class='ocr_line' id='line_1_42' title="bbox 158 4549 1547 4638; baseline 0.003 -25"><span class='ocrx_word' id='word_1_405' title='bbox 158 4549 380 4632; x_wconf 73' lang='lat' dir='ltr'><strong>dmadndere,</strong></span> <span class='ocrx_word' id='word_1_406' title='bbox 400 4554 596 4618; x_wconf 80' lang='lat' dir='ltr'><strong>mitlu‘rrnieltt</strong></span> <span class='ocrx_word' id='word_1_407' title='bbox 609 4556 666 4618; x_wconf 88' lang='lat' dir='ltr'><strong>der</strong></span> <span class='ocrx_word' id='word_1_408' title='bbox 679 4557 823 4638; x_wconf 80' lang='lat' dir='ltr'><strong>Priester,</strong></span> <span class='ocrx_word' id='word_1_409' title='bbox 842 4559 902 4621; x_wconf 81' lang='lat' dir='ltr'><strong>das</strong></span> <span class='ocrx_word' id='word_1_410' title='bbox 913 4557 1045 4621; x_wconf 82' lang='lat' dir='ltr'><strong>Sanetus</strong></span> <span class='ocrx_word' id='word_1_411' title='bbox 1064 4559 1168 4637; x_wconf 77' lang='lat' dir='ltr'><strong>sinpen</strong></span> <span class='ocrx_word' id='word_1_412' title='bbox 1185 4555 1301 4629; x_wconf 63' lang='lat' dir='ltr'><strong>sellem·</strong></span> <span class='ocrx_word' id='word_1_413' title='bbox 1329 4555 1495 4619; x_wconf 77' lang='lat' dir='ltr'><strong>omeitens·</strong></span> <span class='ocrx_word' id='word_1_414' title='bbox 1541 4562 1547 4569; x_wconf 76' lang='grc'><strong>’</strong></span> 
     </span>
    </p>
   </div>
   <div class='ocr_carea' id='block_1_5' title="bbox 0 0 1606 5176">
    <p class='ocr_par' dir='ltr' id='par_1_6' title="bbox 0 0 1606 5176">
     <span class='ocr_line' id='line_1_43' title="bbox 0 0 1606 5176; baseline 0 0"><span class='ocrx_word' id='word_1_415' title='bbox 0 0 1606 5176; x_wconf 95' lang='lat' dir='ltr'><strong> </strong></span> 
     </span>
    </p>
   </div>
  </div>
 </body>
</html>
