3202 5176
696 355 772 427 349

71 547 151 609 dicto
167 546 338 627 Antiphone
353 546 508 626 repetitur.
554 547 629 609 Duru
644 546 815 627 Antiphone
829 557 860 609 et
873 547 1005 609 Psalmus
1021 548 1175 625 dicuntur,
1189 549 1329 612 Pontifex
1343 567 1389 610 ae·

71 658 158 732 cepta
172 650 268 726 mitra,
282 650 388 711 circuit
402 658 433 709 et
446 648 629 728 perambulat
644 659 738 711 totum
753 650 850 711 locum
864 653 1036 712 coemeterii
1055 652 1198 730 iucipiens
1213 653 1339 712 circuire
1353 652 1389 712 ad

72 755 136 813 eius
154 750 299 829 dextram,
313 769 479 831 aspergens
492 770 596 831 aquam
614 738 837 840 benedictaml)
852 753 972 832 ubique.
998 751 1127 834 Expleta
1142 764 1238 815 autem
1253 755 1388 826 circuitu,

72 854 193 919 rediens
206 863 275 914 ante
286 872 415 932 crucem,
428 872 505 936 quae
519 852 565 917 est
579 862 649 916 ante
662 855 797 934 mediam,
812 856 948 936 deposita
962 857 1058 934 mitra,
1071 858 1237 936 respiciens
1249 852 1388 936 adipsum

72 975 208 1032 crucem,
226 956 314 1026 dicit;

176 1050 320 1120 Oramus.
364 1048 459 1120 Deus
483 1052 540 1141 qui
562 1070 600 1123 es
621 1052 725 1122 totius
749 1049 841 1121 orbis
864 1050 1022 1122 conditor
1045 1059 1080 1122 et
1097 1049 1234 1120 humani
1251 1051 1389 1142 generis

71 1151 259 1241 redemtor,
279 1152 546 1251 cunctarumque
564 1161 800 1261 creaturarum
818 1150 1002 1224 visibilium
1021 1163 1056 1223 et
1072 1151 1293 1224 invisibilium
1310 1173 1389 1246 per-

71 1254 184 1328 fectus
210 1253 414 1347 dispositor,
440 1263 475 1324 te
502 1254 648 1349 supplici
674 1275 764 1326 voce
791 1277 832 1324 ac
857 1276 944 1348 puro
972 1253 1079 1325 corde
1107 1255 1327 1348 exposcimus
1353 1259 1390 1322 ut

71 1356 139 1428 hoc
162 1357 407 1427 coemeterium
429 1357 505 1427 sive
529 1355 769 1450 polyandrum,
791 1358 827 1425 iu
849 1376 917 1449 quo
940 1354 1146 1426 famulorum
1171 1354 1389 1425 famularum-

72 1480 138 1552 que
156 1469 290 1529 tuarum
314 1478 463 1551 corpora
483 1461 664 1550 quiescere
687 1457 812 1528 debent
833 1465 912 1549 post
933 1457 1104 1528 curricula
1120 1457 1219 1529 huius
1234 1459 1327 1527 vitae
1340 1455 1390 1526 la-

70 1559 185 1632 bentia
205 1556 308 1654 pur†
319 1581 417 1649 gare,
438 1553 567 1647 bene†
577 1557 693 1627 dicero
709 1567 743 1629 et
759 1556 1015 1649 sancti†hcare
1028 1559 1180 1650 digneris
1196 1562 1321 1653 quique
1335 1579 1390 1628 re-

71 1665 271 1735 missionem
294 1663 442 1731 emnium
464 1667 685 1750 peccatorum
702 1681 766 1753 per
782 1668 874 1729 tuam
889 1679 1048 1750 magnam
1067 1661 1337 1732 misericordiam
1355 1660 1391 1729 iu

71 1776 107 1834 te
128 1761 376 1834 confidentibus
395 1761 595 1854 praestitisti
613 1768 647 1830 et
668 1760 783 1831 tubam
795 1762 894 1854 primi
906 1758 1121 1854 Archangeli
1135 1760 1189 1837 hic
1204 1769 1389 1854 expectan-

72 1865 163 1937 tibus
185 1863 460 1936 consolationem
481 1871 682 1961 perpetuam
707 1863 857 1955 largiter.
877 1864 1061 1957 impertire.
1109 1862 1179 1933 Per
1207 1860 1388 1934 Christum.

71 1972 114 2058 lb.
142 1965 265 2038 Amen.
310 1970 427 2037 Deinde
442 1973 588 2036 thurificat
603 1972 697 2052 ipsam
710 1991 828 2035 erucem
843 1983 874 2035 et
888 1974 954 2051 tigit
971 1975 1001 2034 in
1016 1976 1182 2035 summitate
1195 1975 1287 2054 ipsius
1304 1991 1389 2032 uuam

72 2097 113 2141 ex
127 2077 220 2139 tribus
236 2075 366 2135 candelis
382 2073 553 2136 ardentibus
567 2083 597 2137 et
610 2075 683 2137 alies
699 2075 771 2138 duas
784 2076 921 2161 similiter
934 2076 1073 2138 ardentes
1087 2079 1117 2138 iu
1131 2075 1246 2137 duobus
1261 2073 1390 2136 brachiis

71 2180 203 2241 eiusdem
223 2179 329 2238 crucis.
368 2177 434 2251 Quo
456 2179 536 2239 iacto
552 2188 675 2259 accepta
688 2181 772 2240 mitra
785 2179 903 2241 accedit
915 2178 951 2241 ad
968 2196 1084 2241 crucem
1099 2187 1180 2241 retro
1196 2178 1319 2240 mediam
1336 2195 1389 2258 po·

70 2286 177 2357 sitam,
199 2278 388 2357 aspergendo
404 2297 522 2365 semper
535 2298 639 2359 aquam
655 2281 841 2343 benedictam
854 2299 910 2362 per
925 2283 1135 2343 coemeterium
1153 2283 1272 2344 interim
1286 2280 1389 2341 dicens

72 2402 137 2447 cnm
164 2382 306 2441 ministris
334 2391 506 2460 sequentem
534 2373 701 2445 Psadmttm
722 2375 869 2446 Domine
891 2378 993 2445 neuin
1017 2374 1147 2445 furore.
1187 2383 1255 2445 Non
1283 2381 1389 2443 dicitur

73 2476 200 2549 Gloria.
226 2482 339 2556 Quibus
355 2482 485 2562 expletis
498 2484 639 2547 Pontifex
653 2494 733 2545 stans
745 2463 814 2547 ante
825 2487 917 2566 ipsam
929 2502 1046 2546 crucem
1058 2484 1194 2564 deposita
1206 2487 1289 2545 mitra
1301 2483 1387 2544 dicit:

177 2578 324 2647 Oramus.
378 2575 525 2647 Domine
552 2587 691 2665 sancte,
726 2578 829 2659 Pater
852 2580 1085 2671 omnipotens,
1114 2587 1255 2648 aeterne
1277 2576 1387 2662 Deus,

70 2680 159 2754 trina
186 2680 347 2750 maiestas
374 2685 409 2753 et
435 2700 502 2751 una
523 2678 655 2769 Deitas,
683 2679 786 2751 Pater
815 2688 849 2750 et
875 2680 982 2753 Filius
1005 2688 1039 2752 et
1060 2676 1207 2774 Spiritus
1229 2676 1388 2764 Sanctae,

71 2783 220 2857 iustitiae
247 2788 379 2869 auctor,
406 2783 530 2853 veniae
546 2781 708 2902 largitor,
738 2781 906 2854 bonorum
935 2781 1045 2870 dator,
1064 2783 1250 2854 sanctitatis
1275 2782 1387 2873 origo,

73 2885 311 2959 charismatum
330 2882 540 2972 delubrum,
557 2887 775 2978 omniumque
793 2883 836 2955 ad
852 2893 887 2956 te
901 2885 1109 2958 venientium
1123 2887 1199 2978 pius
1213 2892 1388 2977 receptor,

71 2996 209 3106 praesta
227 2988 408 3081 propitius,
427 2997 464 3058 ut
481 2985 549 3058 hoc
566 2989 839 3059 coemeterium
829 2987 1048 3058 inhonorem
1065 2987 1212 3056 nominis
1230 2987 1279 3055 tui
1296 3006 1388 3055 conr-

72 3090 221 3185 positum
242 3087 331 3158 bene
345 3087 377 3181 †
391 3086 459 3160 dici
480 3098 514 3160 et
536 3081 645 3162 sancti
657 3088 689 3182 †
702 3088 797 3161 ficari
818 3089 1008 3178 concedas,
1026 3089 1084 3182 qui
1107 3087 1209 3161 beato
1224 3084 1387 3157 Abrahae

70 3187 288 3287 patriarchae
310 3187 439 3261 lamule
467 3200 526 3260 tuo
553 3200 682 3263 terram
704 3213 725 3260 a
747 3191 824 3264 liliis
847 3191 989 3264 Hebron
1016 3191 1246 3310 comparatam
1271 3190 1307 3258 in
1334 3207 1388 3259 se

70 3292 242 3388 pulturam
262 3287 471 3365 benedixisti
492 3298 527 3361 et
549 3295 607 3385 qui
627 3293 758 3387 populo·
779 3291 951 3365 lraelitieo
972 3293 1209 3388 promissionis
1229 3289 1389 3361 tellurem

71 3397 107 3466 iu
126 3415 216 3464 aevo
235 3393 414 3464 durantem
428 3395 644 3483 concessisti,
660 3393 866 3466 famulorum
879 3395 1148 3487 famularumqae
1162 3403 1296 3463 tuarum
1312 3414 1388 3463 cor-

72 3495 215 3591 poribus
242 3497 277 3564 in
300 3493 367 3565 hoe
394 3499 639 3593 coemeterium
663 3496 863 3586 intrantibus
891 3499 1012 3591 quietis
1036 3495 1154 3570 sedem
1178 3504 1211 3564 et
1233 3492 1276 3564 ab
1296 3496 1388 3564 omni

73 3599 271 3669 incursione
290 3596 458 3668 malorum
478 3599 656 3692 spirituum
676 3599 817 3679 tutelam
837 3598 1005 3690 benignus
1028 3598 1172 3688 largitor
1189 3594 1331 3684 tribuas,
1352 3605 1389 3666 ut

72 3708 153 3795 post
170 3701 357 3770 animarum
371 3721 624 3795 corporumque
637 3703 927 3774 resurrectionem
940 3699 1177 3819 coadunatam,
1191 3706 1225 3768 te
1240 3699 1388 3769 donante

73 3810 191 3920 atque
199 3800 423 3890 eoncedente,
446 3801 709 3874 beatitudinem
707 3806 953 3897 sempiternam
974 3804 1153 3897 percipere
1180 3810 1387 3887 mereantur,

73 3905 132 3999 qui
153 3906 189 3973 in
185 3883 368 3974 Triuitate
394 3904 548 3999 perfecta
573 3900 665 3978 vivis
688 3915 723 3978 et
748 3927 875 3999 regnas
897 3906 1005 3993 Deus,
1030 3906 1227 3999 peremnia
1248 3899 1387 3976 saecula

72 4005 300 4083 saeculorum.
346 4010 389 4098 lie.
417 4005 541 4079 Amen
1263 4043 1267 4048 ·

135 4207 306 4282 mucrone.
322 4210 439 4281 Egberti
455 4211 601 4282 „Primitus
625 4230 685 4270 cum
707 4229 775 4284 aqua
796 4213 940 4268 benedicta
961 4213 1106 4285 episcopus
1129 4228 1188 4266 cum
1204 4205 1312 4262 clericis
1330 4205 1387 4263 suis

74 4297 243 4353 circumdare
258 4297 360 4353 debeat
373 4312 453 4353 omne
468 4297 663 4359 coemeterium
677 4315 738 4353 cum
753 4298 873 4370 psalma:
892 4298 1021 4354 lliserere
1037 4296 1090 4351 mei
1104 4297 1176 4350 Deus
1191 4299 1218 4347 et
1232 4291 1386 4363 Antiphone

73 4381 217 4452 Aspergea
237 4382 312 4439 me.“
342 4379 436 4438 Codex
451 4382 608 4439 Vindobon.
624 4399 696 4438 saec.
713 4383 762 4438 Xll
778 4382 823 4439 vel
837 4381 898 4438 Xlll
912 4382 984 4454 apud
998 4381 1156 4437 Gerbertum
1169 4378 1240 4433 Mon.
1258 4377 1336 4433 tel„
1353 4375 1385 4431 ll.

74 4463 118 4525 ⁶8.
133 4465 200 4520 nihil
213 4467 290 4525 huius
305 4467 473 4539 aspersionis
488 4484 519 4523 ac
534 4467 664 4525 circuitus
677 4468 840 4524 mentionem
853 4467 967 4538 iaciens,
978 4467 1017 4522 sic
1029 4464 1138 4536 incipit:
1152 4461 1309 4533 ‚‚Canantur
1322 4477 1387 4532 sep-

75 4557 130 4606 tem
149 4550 245 4622 psalmi
264 4559 292 4608 et
304 4552 488 4610 illuminentur
503 4560 618 4624 quatuor
632 4554 772 4615 candelae.
800 4552 920 4610 Deinde:
939 4554 1011 4608 Deus
1025 4550 1071 4620 qui
1086 4550 1214 4605 entellus
1229 4547 1305 4603 orbis
1319 4562 1386 4602 con-

76 4633 182 4690 ditor.“
200 4635 274 4692 llaec
287 4638 377 4695 orado
389 4639 441 4695 iam
454 4639 481 4695 iu
494 4638 610 4709 liuberti
616 4638 767 4697 Pontificali
778 4647 807 4696 et
817 4638 917 4696 Ordine
929 4639 1050 4703 Romano
1057 4634 1231 4708 llittorpiauo
1242 4632 1323 4699 ebria
1335 4636 1387 4711 eat.
