3174 5176
556 1570 828 1661 CAPUT
896 1573 932 1661 1.

97 1897 191 1966 Ordo
218 1896 350 1966 Mimas
376 1894 560 1964 Romanae
578 1895 826 1986 (dragesimam
851 1920 930 1967 cum
962 1897 1152 1966 Gelasiono
1170 1901 1413 1986 comparatus.

645 2205 652 2210 .
659 2204 841 2215 -—.—.—--...-

88 2545 204 2652 Licet
238 2588 317 2648 inter
354 2587 421 2647 aevi
459 2588 549 2651 medii
592 2591 728 2652 homines
768 2590 937 2650 exstiterint
976 2590 1132 2671 permulti,
1173 2594 1222 2672 qui
1261 2593 1410 2671 liturgiam

89 2694 203 2753 missac.
223 2691 285 2756 suis
306 2690 491 2770 temporibus
516 2693 651 2764 usitatam
677 2694 736 2775 piis
760 2694 856 2771 iisque
877 2693 1014 2754 verbosis
1042 2697 1259 2755 commentariis
1283 2696 1410 2758 illustra·

91 2803 169 2856 scut:
191 2811 251 2854 uon
267 2792 486 2855 larebattamen
502 2795 580 2857 illius
594 2799 699 2858 aetatis
707 2797 859 2874 ingenium
873 2814 958 2855 acres
972 2804 1002 2854 ct
1016 2793 1175 2871 diligentes
1190 2796 1411 2865 ecclesiasticae

90 2897 272 2978 antiquitatis
290 2896 521 2973 investigatores
534 2897 585 2959 vel
606 2900 775 2960 criticorum
795 2897 890 2958 studia
904 2899 934 2957 in
954 2898 1079 2957 vetustis
1100 2896 1283 2976 liturgiarum
1302 2901 1411 2967 chartis

91 2998 245 3079 collocata.
299 2989 425 3059 Saeculo
450 2999 564 3060 dernurn
587 3000 701 3062 decimo
726 3010 812 3062 sexto
834 3018 898 3059 curn
921 2999 1057 3077 theologi
1085 3002 1239 3081 utriusque
1264 3002 1410 3063 ccclesiae

91 3103 284 3163 vehementer
303 3100 341 3161 dc
362 3119 440 3162 nova
457 3101 579 3164 lutheri
600 3122 635 3165 ac
654 3102 892 3166 Reformatorum
909 3102 1042 3164 doctriua
1059 3100 1210 3182 disputare
1238 3105 1412 3183 coepissent

91 3205 218 3284 telisque
230 3212 385 3267 uterentur
401 3222 459 3266 non
474 3205 562 3269 modo
575 3226 595 3268 e
609 3225 693 3269 sacra
713 3209 876 3287 scriptura,
897 3205 1092 3269 conciliorum
1112 3204 1240 3266 decretis
1263 3215 1293 3266 et
1312 3203 1410 3267 eccla.-

91 3309 150 3368 siac
176 3307 355 3368 christianae
378 3307 569 3371 historiasod
596 3311 683 3370 etiarn
711 3327 750 3371 ex
771 3309 980 3388 antiquissimis
1004 3304 1109 3367 ritibus
1138 3307 1313 3387 depromtls:
1340 3304 1411 3369 inde

91 3410 247 3486 liturgicac
264 3408 440 3488 disciplinae
460 3428 567 3473 novam
591 3412 688 3473 lucem
707 3412 854 3473 affulsisse
875 3411 996 3470 dixeris.
1050 3408 1132 3469 luter
1145 3412 1257 3488 primos
1274 3418 1410 3471 vetustae

91 3511 226 3588 liturgiae
253 3511 386 3572 notitiam
414 3512 511 3576 denuo
543 3516 703 3577 revocandi
738 3516 925 3577 occasionem
952 3511 1089 3593 praebuit
1118 3509 1262 3570 Matthias
1287 3507 1413 3572 diucius

90 3612 246 3693 Illyricos,
269 3614 366 3673 viret
393 3616 540 3695 stupendo
570 3617 744 3682 eruditionis
769 3626 910 3698 apparatu
932 3625 962 3675 et
979 3612 1136 3673 immodico
1160 3615 1285 3693 partium
1304 3613 1408 3674 ¹studio

91 3717 241 3799 notabilis.
293 3715 419 3779 Invento
444 3719 564 3798 antiquo
587 3719 691 3779 codice
712 3722 741 3780 in
762 3717 943 3780 bibliotheca
962 3715 1094 3776 Palatina
1114 3715 1205 3777 edidit
1224 3717 1409 3795 Argentinae

90 3804 233 3897 libellum,
249 3818 351 3880 ottoni
365 3819 495 3882 Hearico
503 3821 636 3882 Palatino
645 3819 741 3882 Rheni
754 3820 935 3883 dedicatum:
950 3816 1047 3881 Misso
1063 3816 1158 3878 totino
1170 3818 1325 3896 puoeotim
1338 3823 1409 3879 unte

90 3920 258 3982 homonum
270 3921 357 3982 circu
366 3922 657 4002 septingentesimum
664 3921 786 3984 Domini
796 3922 944 3983 annuncio
955 3918 1177 3996 contuitione
1187 3921 1247 3998 tide
1261 3939 1277 3981 e
1290 3926 1412 3981 vetusto

91 4024 319 4111 authenticoquc
341 4024 444 4086 codice
457 4025 612 4106 descripto
624 4024 666 4104 *).
701 4026 733 4087 ld
746 4045 819 4088 vero
840 4027 978 4087 evincere
999 4023 1107 4101 studet,
1124 4033 1155 4084 ut
1175 4023 1264 4085 blissa
1278 4023 1410 4085 Romam
1511 4050 1520 4065 ·

92 4158 296 4169 -ι--ι-

172 4252 204 4333 *)
216 4258 300 4311 Missa
306 4258 456 4328 Illyriciest
465 4259 494 4314 is
502 4260 632 4314 rariorum
640 4260 767 4313 librorum
778 4277 895 4313 numero.
917 4258 961 4310 cf.
973 4258 1001 4312 J.
1016 4256 1104 4328 Vogt,
1120 4257 1246 4324 catalog.
1260 4251 1410 4305 libramin—
1455 4294 1461 4301 .

90 4340 149 4396 suus
157 4362 194 4412 p..
208 4343 263 4396 400
275 4361 314 4412 sq.
332 4345 415 4414 Boeplc
428 4366 450 4401 s.
468 4365 493 4401 o.
506 4348 633 4414 litgrinus.
661 4348 761 4398 Iterum
772 4364 806 4398 ex
819 4345 906 4397 Flacii
917 4344 987 4396 libro
999 4359 1094 4395 recusa
1110 4349 1152 4394 est
1169 4344 1195 4391 in
1210 4339 1301 4391 Caroli
1311 4336 1410 4389 Cointii

93 4429 235 4480 Annalium
253 4430 424 4484 Fhmmcorum
440 4433 682 4486 Ecclesiasticcrum
696 4432 772 4484 Tum.
790 4433 826 4482 11.
847 4448 892 4482 on.
911 4428 972 4484 601.
993 4446 1038 4481 no.
1054 4427 1108 4491 ⁶20„
1132 4428 1196 4477 item
1211 4425 1238 4475 in
1259 4420 1408 4492 appendice

91 4512 178 4579 operis
200 4515 223 4565 1.
235 4514 343 4567 Bonae:
364 4517 463 4568 Rerum
479 4516 679 4585 liturgicarum
695 4516 757 4568 libri
774 4518 837 4567 duc.
856 4516 948 4567 Coton.
966 4512 1042 4567 1674.
1057 4508 1251 4579 pots-954.
1275 4507 1406 4574 synopsis

90 4595 290 4666 missaclegitur
300 4599 370 4668 apud
389 4601 520 4654 Guilialm.
533 4601 683 4667 Peprotium
693 4602 725 4655 in.
731 4600 864 4653 hhuctutu
873 4602 906 4652 de
915 4599 1020 4652 Iuribus
1037 4605 1062 4648 ct
1077 4593 1276 4660 antiquitatibus
1287 4593 1408 4660 capellae

1157 4679 1201 4743 1*
