3202 5176
770 295 820 367 aa
975 298 996 335 ·

337 465 572 542 nonanus.
966 394 1372 535 annaosmnnes

296 622 613 752 Incipit-Canon.
973 653 1128 745 Incipit
1146 651 1302 722 Conon.

189 793 313 867 XVIII.
346 791 514 864 sacerdos
532 790 715 862 exeamas
738 799 771 860 at
898 824 904 837 ·

137 905 273 992 anaqam
289 919 406 967 maana
425 896 561 965 elevans
581 894 630 965 od
645 893 783 963 enelam-

136 1003 407 1073 oonlooetatota‘m
419 996 771 1090 demittaoafflosnnde

135 1105 311 1175 inclinatus
336 1109 414 1170 onte
442 1099 583 1192 Altera,
621 1097 771 1169 mamona

136 1202 525 1298 anpereopnaitiadieit:
1177 1250 1184 1259 .

189 1304 242 1375 Te
260 1308 365 1396 Igitur
378 1300 641 1373 clementissime
655 1297 771 1385 Pater,
874 1300 925 1372 Te
947 1303 1056 1393 igitur.
1072 1300 1347 1374 clementissime
1361 1298 1459 1372 Pater

138 1429 203 1503 per
217 1405 332 1480 Iesum
351 1401 522 1476 Christum
534 1401 658 1472 Filium
676 1408 771 1472 tunm
821 1424 885 1498 per
896 1402 1009 1475 Iesum
1026 1398 1197 1475 Christum
1216 1401 1352 1473 Filium
1370 1411 1458 1473 tmm
1490 1440 1492 1453 1

140 1504 771 1601 Dominumnostrnmsnpplioesroga-
821 1506 1005 1576 Dominum
1029 1513 1184 1578 nostrum
1202 1504 1389 1599 supplices
1407 1522 1457 1574 ro·

139 1633 215 1684 mus
234 1633 275 1681 ao
295 1612 442 1704 petimus
464 1609 630 1678 madata
650 1605 771 1677 Alione
822 1630 942 1701 gamus
956 1630 997 1678 aa
1009 1609 1392 1703 petimnnntiaeeepta
1404 1603 1457 1676 Im·

139 1716 188 1783 nti
208 1721 350 1806 accepta
378 1709 505 1780 habeas
529 1717 564 1778 et
584 1705 770 1778 benedicas
820 1710 904 1784 beas
919 1720 953 1781 et
966 1709 1151 1781 benedicas
1164 1706 1457 1798 haeodona‚haeo

137 1819 241 1907 iooqit
268 1837 408 1903 maana,
443 1813 561 1882 deinde
587 1815 698 1903 aiqoot
719 1818 771 1879 ter
820 1835 976 1899 munera,
1001 1811 1087 1881 haec
1100 1819 1217 1883 saneta
1232 1808 1410 1882 saoniiioia
1421 1808 1455 1880 il·

138 1939 238 2010 super
259 1915 379 2012 Oblata
400 1913 528 2006 haeo†
548 1911 656 2000 dona,
684 1908 770 1980 haeo
821 1915 944 1987 libata:
972 1912 1139 2009 Imprimis
1162 1911 1331 2006 quaetihi
1345 1911 1454 1983 offeri

34 2065 40 2072 ι
140 2021 341 2110 †munera‚
369 2013 456 2084 haec
474 2013 506 2106 t
521 2021 638 2085 saneta
665 2013 770 2084 sacri·
821 2037 896 2087 mus
917 2036 981 2109 pro
1004 2014 1153 2087 eeclesia
1173 2022 1231 2083 tna
1252 2023 1381 2086 saneta
1396 2010 1453 2084 (ia-

139 2118 216 2187 fioia
229 2116 523 2187 illibataEaetaoaia
534 2112 684 2184 mambote
693 2135 771 2206 pre
820 2117 963 2205 tholiaa,
987 2138 1087 2210 qnam
1105 2112 1314 2211 pacificare,
1341 2124 1453 2207 ousta

139 2222 284 2313 seqnitur
296 2220 332 2287 in
344 2217 475 2311 primis,
498 2236 586 2308 quaa
605 2213 667 2284 tihi
688 2212 771 2285 offe·
823 2218 909 2307 dire
930 2217 1082 2289 adunare
1103 2227 1138 2288 et
1152 2238 1280 2309 regere
1301 2217 1455 2310 dignm’n

139 2323 246 2393 rimus
261 2340 324 2415 pro
339 2318 489 2390 eeclesia
502 2325 561 2387 tna
574 2324 692 2389 sanata
707 2312 771 2386 ca·
821 2329 895 2391 toto
917 2319 1003 2391 orbe
1021 2329 1192 2391 teramum
1210 2339 1294 2390 nna·
1308 2342 1394 2392 enm
1408 2319 1453 2391 In

140 2422 287 2493 tholioa:
317 2441 416 2515 qnam
434 2416 636 2515 pacificare,
656 2421 770 2490 custo·
821 2421 915 2493 mulo
928 2432 987 2493 tno
1005 2422 1098 2518 Papa
1110 2431 1232 2495 nostro
1244 2417 1295 2492 N..
1309 2431 1348 2494 ot
1359 2421 1455 2494 Anti-

141 2524 228 2613 diae,
252 2522 404 2594 adunare
423 2531 457 2593 et
476 2542 604 2612 regere
618 2519 770 2611 dignans
822 2527 900 2598 stite
920 2532 1040 2596 nostro
1055 2520 1096 2595 N.
1112 2534 1146 2595 et
1160 2522 1263 2615 Rege
1274 2533 1405 2598 mosim
1416 2522 1452 2597 II.
1490 2604 1492 2619 Ι

139 2635 213 2697 toto
242 2624 327 2696 orbe
350 2633 518 2694 terrarum
536 2645 603 2693 nna
623 2643 702 2692 oum
720 2619 770 2691 Ia·
823 2637 857 2698 et
877 2626 1033 2700 omnibus
1050 2624 1253 2698 orthodoxis
1270 2629 1383 2720 atqu'o
1403 2647 1454 2698 oa-
1490 2640 1492 2663 ²

140 2726 233 2801 mulo
245 2735 306 2798 tuo
320 2726 413 2819 Papa
430 2735 551 2797 nostro
565 2723 605 2798 N.
625 2734 660 2795 et
671 2723 770 2794 Anti·
820 2729 970 2800 tholioae
990 2738 1025 2798 et
1044 2727 1257 2825 apostolieae
1277 2727 1366 2800 fidei
1386 2726 1453 2801 anl-

123 2833 219 2902 ·stite
233 2836 352 2899 nostro
366 2825 407 2896 N.
430 2836 465 2896 et
485 2825 641 2898 omnihus
655 2823 771 2895 ortho-
821 2830 962 2903 toribus.

142 2929 244 3001 doxis
258 2937 360 3021 atque
374 2925 564 2997 catholicae
585 2934 620 2997 et
634 2932 772 3020 aposto
1048 2917 1057 2932 '

140 3031 230 3107 littae
244 3028 325 3099 fidei
338 3024 537 3099 cultoribus.
744 3089 751 3108 ,
817 3085 823 3097 .

191 3129 285 3202 XIX.
315 3125 771 3220 Commemoratiopro
874 3130 1238 3204 commemoratio
1271 3151 1358 3224 pro
1393 3131 1453 3204 vi-

140 3234 268 3306 vivie.
303 3229 477 3301 Memento
499 3228 644 3299 Domine
663 3227 771 3298 famu·
820 3237 897 3309 vis.
908 3228 1454 3306 MementoDomineiamulornm

140 3335 254 3405 lorum
286 3331 557 3426 famularumque
590 3327 631 3401 N.
666 3339 701 3400 et
728 3326 770 3401 N.
821 3336 1091 3429 famularumque
1103 3344 1236 3405 tuarum
1250 3341 1286 3404 et
1301 3338 1454 3406 omnium

141 3436 250 3529 Innqit
265 3458 400 3526 mamm,
426 3444 503 3506 orat
522 3434 770 3527 aliquantolum,
821 3440 1121 3527 circumstantium,
1132 3457 1276 3528 quornm
1290 3435 1355 3507 tihi
1368 3436 1453 3512 fides

136 3560 203 3631 pro
221 3539 334 3631 quoae
351 3560 454 3609 orare
472 3529 630 3608 tatami:
654 3535 771 3607 danae
821 3542 957 3632 cognita
980 3549 1032 3613 est
1050 3548 1084 3609 et
1102 3546 1184 3608 nota
1203 3536 1371 3628 devotio,
1391 3558 1453 3634 pro

141 3640 293 3711 maenaa
312 3644 459 3713 wlnonis
474 3640 691 3734 praenotatae
725 3633 770 3706 Et
822 3642 942 3737 quihus
963 3642 1023 3714 tihi
1040 3640 1213 3713 offerimus
1235 3639 1297 3709 vel
1320 3644 1384 3733 qui
1396 3641 1454 3714 tibi

142 3744 290 3813 omnium
304 3743 608 3828 circumstantium
625 3759 770 3833 qnorum
821 3745 967 3816 offerunt
1002 3742 1069 3815 hoo
1102 3738 1307 3814 sacrificium
1340 3743 1454 3816 landis

140 3843 202 3914 tibi
215 3842 300 3917 fides
312 3845 514 3934 cognitaest
528 3841 769 3912 etnotadevo-
819 3869 883 3941 pro
904 3869 943 3920 se
964 3847 1102 3938 suisque
1117 3842 1292 3914 omnibnst
1315 3867 1386 3940 pro
1401 3867 1454 3917 aa·

140 3948 202 4033 tio,
215 3967 279 4039 pro
295 3944 417 4039 quibus
436 3941 497 4015 tibi
518 3944 693 4016 offerimus
709 3942 770 4013 vel
821 3947 1015 4042 demptione
1023 3948 1209 4016 animarum
1221 3966 1382 4040 suarum,
1391 3968 1454 4043 pro

142 4050 199 4142 qni
223 4046 285 4117 tibi
305 4047 450 4119 offerunt
475 4045 542 4118 hoo
565 4045 769 4125 sacrificinm
820 4071 882 4144 spe
903 4050 1021 4122 salutis
1048 4057 1081 4118 et
1100 4046 1346 4122 incolumitatis
1369 4071 1456 4125 suaa

139 4149 269 4239 laudis‚
290 4171 353 4245 pro
374 4171 413 4221 se
432 4151 572 4243 suisque
594 4146 766 4220 omnibus:
819 4151 946 4247 tibique
955 4149 1107 4222 reddunt
1118 4159 1199 4222 vota
1214 4170 1290 4239 ena,
1304 4161 1455 4226 aeterno

139 4273 202 4346 pro
223 4252 459 4347 redemptione
480 4253 665 4320 animarum
691 4270 768 4320 sua·
819 4253 896 4328 Deo
911 4256 995 4327 vivo
1011 4262 1045 4324 et
1058 4275 1155 4325 vero.
1251 4242 1254 4247 ’

139 4374 227 4440 rum,
245 4376 309 4448 pro
329 4375 390 4450 spe
411 4353 530 4426 salutis
545 4361 578 4421 et
592 4348 768 4421 ineolumi-

139 4456 217 4526 tatis
238 4477 339 4527 suaet
367 4456 495 4549 tibique
514 4452 661 4523 reddunt
684 4461 767 4523 vota

31 4614 37 4625 .
140 4577 201 4627 sua
216 4565 357 4628 aeterno
371 4552 462 4645 Deo,
476 4556 560 4628 vivo
574 4564 609 4626 et
622 4575 718 4628 vero.
