3202 5176
754 378 829 446 243

136 570 291 634 vestram
315 562 454 633 missam
475 556 546 631 tres
573 558 660 632 alias
678 562 813 647 missas,
835 551 998 631 videlicet
1019 581 1121 631 unam
1143 563 1190 642 de
1215 559 1342 658 Spiritu
1366 558 1459 639 San-x

138 673 210 753 oto,
233 663 335 733 aliam
353 662 396 732 de
421 662 521 732 beata
534 657 641 731 Maria
665 683 801 757 semper
822 663 971 755 virgine,
993 666 1126 733 tertiam
1140 687 1204 759 pro
1221 664 1378 736 fidelibus
1393 663 1451 733 de-

139 765 265 837 functis
287 754 390 834 dicite
417 773 452 834 et
478 766 743 857 omnipotentem
765 763 878 833 Deum
899 766 1001 834 etiam
1024 786 1088 859 pro
1115 788 1170 836 me
1191 774 1323 860 rogate.

245 873 330 950 Quod
345 875 388 935 illi
404 874 513 935 devote
527 875 692 953 suscipiunt
705 883 735 935 et
749 874 932 954 respondent
945 895 979 936 se
992 875 1132 938 facturos.
1149 871 1227 941 'lucr
1238 876 1453 956 legiturEvan·

141 976 251 1054 gallun
265 977 297 1038 S.
311 976 443 1037 loannis:
466 965 506 1034 In
527 968 748 1062 principio
769 977 833 1038 etc.
855 996 890 1037 ac
904 977 1004 1038 linitur
1015 974 1114 1040 blissa.

222 1148 225 1157 ‘
314 1135 375 1206 De
403 1131 758 1211 conscerati-one
780 1134 923 1209 Electi
949 1140 991 1208 in
1016 1138 1288 1237 Episcopum.

170 1321 173 1327 ·
246 1281 360 1340 Statuta
375 1278 423 1339 dic
438 1277 690 1357 consecrationis,
704 1298 779 1360 quae
794 1280 883 1341 debat
897 1299 965 1342 esse
977 1282 1131 1344 Dominica
1142 1283 1191 1344 vel
1205 1285 1366 1346 natalitium
1377 1283 1457 1364 Apo·

146 1380 308 1458 stolorum,
330 1381 379 1441 vel
399 1381 484 1441 etiam
504 1381 611 1440 lestira
631 1382 656 1440 si
679 1394 810 1442 summus
822 1382 962 1444 l'ontilen
978 1384 1036 1445 hoc
1049 1384 1219 1464 specialiter
1231 1385 1404 1465 indulserit,
1428 1392 1459 1444 et

145 1493 203 1544 tam
223 1480 420 1544 Consecratur
435 1499 517 1561 quam
532 1481 654 1542 Electus
670 1485 855 1544 conveniens
867 1494 956 1546 estut
970 1471 1224 1564 praecedenti-'tie
1242 1478 1384 1548 ieiunant.
1425 1484 1459 1546 ln

146 1584 281 1646 Ecclesia
294 1584 344 1645 ubi
356 1585 408 1644 liet
423 1580 616 1644 consecratio
635 1592 776 1644 ornantur
789 1585 868 1646 duae
877 1585 1021 1664 capellae,
1036 1589 1129 1648 maior
1141 1604 1197 1667 prc
1214 1586 1416 1650 Consecrante
1430 1596 1461 1647 et

147 1688 244 1749 minor
266 1703 320 1765 pro
342 1682 457 1745 Electo.
496 1678 604 1744 Adslnt
623 1684 681 1745 duo
701 1685 738 1744 ad
752 1685 846 1746 minus
857 1685 1001 1766 Episcopi
1013 1675 1245 1764 assistentesl).
1272 1690 1350 1750 Hora
1370 1690 1461 1765 igitur

148 1788 330 1867 competenti
342 1784 551 1862 Consecratur,
565 1776 698 1864 Electus,
713 1786 903 1848 assistentes·
912 1786 1056 1867 Episcopi
1068 1796 1097 1848 et
1111 1788 1160 1848 alii
1173 1791 1221 1868 qni
1231 1787 1456 1870 consecrationi

148 1892 297 1950 interesse
317 1888 434 1948 debent·
446 1887 483 1947 ad
497 1886 653 1947 ecclesiam
671 1889 868 1966 conveniunt,
892 1898 922 1949 et
940 1885 1139 1950 consecrator
1151 1888 1229 1951 laeta
1243 1892 1378 1952 oratione
1393 1899 1462 1951 ante

147 1991 241 2051 altare
266 1989 399 2051 ascendit
421 1988 459 2050 ad
478 1988 578 2050 sederis
600 1991 624 2049 si
640 1990 680 2066 sit
694 1991 725 2050 in
739 1990 870 2075 eeclesia
884 2008 957 2069 saa,-
977 1990 1154 2074 rel-aeaedit
1168 1991 1204 2052 ad
1221 1992 1419 2053 faldistorium
1432 1994 1462 2052 in

149 2092 263 2173 capella
277 2109 341 2168 sua,
354 2093 435 2152 iuxta
449 2109 541 2151 cornu
556 2090 710 2170 Epistulae
723 2101 926 2173 praeparatoria
941 2093 1025 2153 stibi
1040 2094 1076 2154 de
1094 2110 1177 2154 more
1190 2104 1318 2173 paratur.
1342 2091 1463 2155 Electus

151 2210 224 2256 vero
239 2210 303 2254 eum
311 2193 529 2255 desistentibus
538 2192 696 2274 Episcopis
710 2194 840 2255 vaditad
855 2194 995 2274 capellam
1010 2212 1090 2256 suan
1106 2204 1136 2282 et
1149 2194 1194 2255 lbi
1205 2199 1283 2277 capit
1295 2203 1470 2277 paramenta·

152 2305 336 2375 opportuna,
356 2294 497 2354 videlieet
510 2296 663 2369 amictum,
691 2295 802 2367 albam,
817 2296 985 2373 cingulum,
1000 2297 1106 2358 stolam
1120 2298 1149 2356 in
1164 2299 1281 2360 modurn
1297 2298 1463 2360 sacerdotis

152 2406 183 2458 st
202 2395 341 2476 pluviale.
372 2395 554 2457 Assistentes
568 2397 655 2456 etiam
667 2395 810 2477 Episcopi
826 2398 943 2458 interim
957 2410 1011 2458 sua
1025 2408 1200 2478 paramenta
1212 2379 1339 2480 capiunt.
1367 2379 1471 2463 Omni·¹

153 2499 208 2573 bus
227 2499 326 2578 itaque
340 2498 467 2575 paratis,
489 2494 688 2557 consecrator
701 2498 817 2558 aceedit
829 2507 898 2559 anta
913 2499 1005 2559 altare
1019 2508 1050 2560 ot
1062 2499 1104 2559 ibi
1118 2501 1150 2558 in
1161 2500 1259 2561 medio
1276 2501 1362 2562 sedet
1375 2510 1466 2582 super

153 2600 350 2661 faldistorium
370 2607 490 2659 vertens
511 2615 599 2658 renes
613 2598 707 2658 altari,
730 2598 853 2659 Electus
863 2618 938 2661 voro
954 2601 1069 2660 ducitur
1081 2602 1125 2661 sic
1138 2611 1257 2680 paratus
1266 2602 1379 2663 medius
1387 2607 1466 2663 inter

156 2702 347 2787 desistentes,
356 2701 412 2760 sibi
431 2699 600 2780 Episcopus
616 2709 736 2779 paratos
750 2709 858 2787 etcum
873 2710 941 2762 ante
957 2701 1203 2764 Consecratorem
1216 2711 1397 2783 pervenerit,
1414 2723 1465 2765 nn

158 2803 227 2867 dato
242 2805 358 2883 capite,
374 2801 445 2862 illud
461 2800 609 2881 prelunde
621 2802 791 2864 inclinando
810 2805 837 2863 ei
852 2805 1047 2864 reverentiam
1061 2804 1140 2866 lacit.
1172 2805 1244 2866 'lum
1256 2805 1362 2866 sedeat
1376 2808 1406 2867 in
1419 2824 1465 2866 se·

158 2905 242 2966 dibus
262 2907 323 2964 suis
342 2912 410 2964 ante
425 2901 672 2965 Consecraterern
692 2904 751 2966 boc
768 2904 867 2966 modo.
898 2905 1018 2966 Electus
1035 2915 1137 2967 eontra
1151 2906 1256 2967 taciem
1271 2907 1466 2969 consecrato·

156 3009 221 3084 ris,
232 3008 273 3067 ita
286 3015 318 3066 ut
332 3007 370 3066 sit
383 3007 462 3066 inter
475 3023 528 3065 eos
549 3014 720 3086 competens
736 3006 882 3068 distamia.
919 3005 1078 3088 Antiquior
1094 3007 1262 3093 Episcopus
1275 3010 1416 3077 assistens
1430 3007 1467 3069 ad

159 3108 309 3168 dexteram
323 3106 438 3185 Electi,
457 3108 556 3167 iunior
574 3107 611 3167 ad
637 3109 795 3173 sinistram·
836 3108 908 3170 llum
926 3111 970 3170 sic
989 3110 1078 3171 locati
1092 3111 1201 3172 luerint
1215 3120 1245 3172 et
1258 3112 1466 3192 aliquantulum

160 3210 338 3291 quieverint,
353 3218 477 3286 surgunt
492 3218 522 3269 et
535 3208 643 3269 Senior
660 3209 867 3272 insistentium
880 3229 985 3272 versus
1000 3211 1296 3275 ad·Gcnseeratorem
1311 3214 1395 3275 dicit:

163 3341 165 3347 ·
260 3301 564 3374 Reverendissime
582 3302 708 3391 Pater,
732 3303 883 3399 postulat
913 3314 1033 3378 saneta
1051 3315 1162 3376 mater
1184 3306 1334 3381 ecclesia
1353 3304 1469 3377 catho-

160 3403 239 3493 liea,
261 3414 300 3475 nt
320 3404 411 3474 hunc
436 3413 654 3499 praesentem
673 3404 918 3500 Presbyterum
938 3406 983 3475 ad
1003 3427 1089 3480 onus
1107 3405 1335 3502 Episcopatus
1355 3407 1469 3483 suble·

158 3509 258 3577 vetis¹
312 3515 511 3581 Consecratur
531 3514 615 3574 dicit:
641 3505 782 3580 Habetis
815 3507 1008 3577 mandatum
1030 3509 1283 3601 apostolieum?
1335 3518 1470 3600 Respon·

161 3616 262 3677 detur:
285 3606 466 3677 Habemus.
511 3604 711 3678 Consecratur
728 3607 793 3694 (ὓ.)
814 3618 899 3678 dicit:
916 3607 1074 3701 Legatur.
1115 3618 1186 3678 tun
1200 3618 1339 3683 Notarius
1359 3620 1470 3683 Conse·

162 3719 287 3795 cratoris
306 3718 455 3796 accipiens
477 3716 641 3777 mandatum
659 3719 734 3796 legit
752 3736 768 3778 a
787 3720 934 3800 principio
955 3719 991 3779 ad
1010 3721 1107 3779 finem.
1138 3719 1273 3784 Mandata
1287 3724 1422 3803 perlecto
1437 3721 1470 3784 G.

163 3819 250 3880 dicit:
271 3809 348 3880 Deo
372 3813 508 3900 gratias.
552 3819 604 3880 Vel
625 3822 651 3881 si
667 3820 858 3882 Consecratio
874 3821 924 3882 liat
937 3821 1044 3897 vigore
1058 3820 1206 3883 literarum
1220 3825 1470 3905 Apostolicarum,

163 3939 218 4001 per
238 3940 310 4002 quas
331 3924 419 3981 stiam
439 3922 594 3982 iuramenti
615 3934 671 4003 per·
684 3923 818 3984 Electum
837 3922 1007 4004 praestandi
1021 3926 1155 4004 receptio
1170 3923 1378 3989 Consecratcri
1393 3944 1471 3988 com·

163 4024 296 4101 mittitur,
311 4023 419 4085 litteris
433 4023 506 4102 ipsis
518 4023 604 4083 lectis
619 4036 774 4107 antequam
785 4025 816 4087 G.
826 4024 904 4086 aliud
919 4025 1007 4103 dieat,
1018 4025 1211 4105 Electus-(E.)
1220 4030 1256 4091 ds
1270 4030 1341 4090 sede
1355 4047 1407 4089 sua
1421 4046 1471 4086 ve-

164 4126 248 4186 niens
262 4140 361 4187 eorarn
376 4122 594 4186 consecratore
607 4128 825 4205 genuflectitot
837 4127 912 4205 legit
925 4129 1117 4190 iuramentum
1133 4129 1169 4190 de
1186 4115 1280 4192 verbo
1295 4129 1331 4190 ad
1350 4128 1472 4189 uerbum

166 4226 246 4288 iaxta
267 4219 403 4289 tenorem
423 4228 637 4292 commissionis
651 4230 821 4311 praedictae
834 4231 1040 4310 praestandum
1054 4233 1084 4293 in
1098 4230 1176 4293 hune
1189 4232 1305 4294 modum
1319 4229 1473 4293 videlicet:

229 4387 259 4464 l)
281 4390 336 4445 lam
347 4390 375 4446 in
387 4376 531 4448 Constitut.
547 4389 675 4462 Apostol.
689 4389 735 4461 Ill,
746 4390 782 4444 20
793 4390 959 4464 praecipitur
969 4391 1127 4470 episcopum
1139 4389 1260 4447 ordinari
1274 4389 1378 4448 debere
1393 4407 1408 4447 a
1423 4393 1474 4449 tri·

167 4472 218 4527 bus
230 4472 367 4546 episeopis
376 4480 425 4530 'aut
436 4474 471 4531 ad
485 4474 619 4531 minimum
633 4490 648 4530 a
660 4474 774 4534 duobus.
798 4475 896 4531 'lamen
908 4477 1016 4550 saepius
1029 4492 1187 4532 eoncessum
1202 4482 1270 4532 esta
1286 4493 1388 4532 summo
1403 4493 1475 4548 pon·
1504 4474 1506 4479 ’
1581 4538 1586 4545 Χ

166 4556 256 4628 titice,
272 4562 301 4612 ut
322 4558 386 4614 loco
402 4559 516 4616 duorum
530 4559 745 4632 Episcoporum,
763 4559 808 4632 qtri
822 4560 1026 4618 consecrationi
1041 4561 1176 4618 interesse
1188 4559 1297 4632 debent,
1309 4561 1476 4619 sufficiantur

167 4640 221 4698 duo
231 4641 354 4700 illibatas
369 4643 514 4702 &orselli
528 4646 661 4702 habentes
674 4644 823 4716 dignitates
838 4644 1050 4704 ecclesiasticas.

1201 4731 1267 4795 16*
