3202 5176
818 256 867 328 42

186 456 319 519 breviori
332 452 459 517 iormula
471 469 550 513 usam
565 468 641 513 esse.
651 448 771 529 Duplex
782 450 813 511 in
826 448 965 527 Gregorii
979 448 1079 510 verbis
1099 448 1339 529 distinguendum
1354 456 1415 509 est.
1437 444 1511 511 Gon·

181 560 338 621 sacrarunt
346 555 485 639 apostoli.
511 554 592 614 lianc
603 570 708 614 rocem
723 568 952 613 consecrare
969 548 1131 630 Gregorius
1147 570 1185 612 ex
1199 553 1347 613 communi
1355 552 1508 613 ecclesiae

183 680 250 741 usu,
264 661 416 724 sexcentis
431 657 574 736 exemplis
589 654 802 735 comprobato,
826 656 977 736 pertinere
998 655 1062 715 vult
1084 655 1119 715 ad
1143 654 1222 717 illam
1244 654 1354 716 dlissae
1381 664 1509 734 partem,

183 756 853 845 quaeetiamnuuovocaturGonsecratiot
871 758 943 833 Qui
961 757 1087 838 pridie
1103 776 1209 837 quarn
1228 766 1508 838 patoreturotc

179 864 261 927 'llaec
275 865 470 926 sacratissima
485 861 578 945 verba
593 863 701 921 omissa
725 878 793 920 esse
814 858 851 920 ab
870 859 1033 940 apostolis,
1062 859 1209 937 Gregorio
1229 862 1349 922 minime
1370 861 1462 923 veuit
1479 861 1505 921 in

181 976 318 1035 mentem
349 965 427 1042 Quid
443 982 516 1026 nero
531 962 660 1024 voluerit
673 972 791 1024 sanctus
806 963 953 1042 pontifex,
969 962 1058 1022 docet
1071 964 1162 1023 totius
1177 963 1347 1051 epistolae
1338 964 1505 1043 ingenium.

179 1068 271 1133 Erant
284 1069 363 1132 enim
378 1076 409 1129 et
421 1067 512 1129 hodie
523 1074 591 1128 suut
606 1066 740 1128 homines
752 1065 870 1126 hebetis
884 1073 972 1146 atque
984 1063 1115 1125 nullius
1106 1067 1220 1144 ingeni,
1234 1066 1264 1125 iu
1279 1066 1388 1128 divinis
1407 1062 1504 1127 dasti-

179 1166 326 1248 ζοπεςτό
328 1163 505 1233 vausune:
526 1170 591 1230 hos'
597 1156 700 1230 contra
714 1158 864 1230 Ganonem
878 1186 963 1228 suum
985 1174 1164 1229 coarctatum
1186 1186 1220 1229 ac
1239 1169 1360 1229 nouiter
1377 1150 1506 1249 disposi-

180 1284 243 1336 tum
257 1282 480 1351 murmurantes,
499 1271 608 1333 edocet
626 1272 788 1365 Gregorius
810 1262 850 1332 de'
866 1270 1005 1332 libertate
1020 1269 1197 1331 ecciesiae
1189 1288 1219 1331 ro
1240 1269 1346 1331 ritibus
1361 1290 1398 1333 ac
1414 1272 1505 1333 caeri-
1526 1296 1529 1301 ·

181 1380 288 1439 moniis
309 1394 462 1439 concessa.
494 1375 556 1435 Vos
571 1394 662 1452 aegre
676 1375 773 1452 lertis,
788 1374 893 1454 iuquit,
909 1382 966 1434 tam
984 1373 1068 1433 leves
1082 1374 1225 1453 pristinae
1249 1348 1390 1451 liturgiae
1411 1384 1503 1435 muta·
1585 1368 1588 1379 '

181 1481 299 1543 tioncsz
327 1468 384 1540 sed
396 1480 490 1557 magis
505 1478 590 1538 vobis
605 1477 841 1556 reprehendendi
852 1485 935 1537 erant
947 1476 1177 1557 apostolicum
1193 1485 1310 1555 praeter
1325 1466 1421 1539 uerba
1436 1496 1503 1538 con·

179 1584 357 1645 secretionis
372 1582 545 1642 Orationem
564 1580 749 1640 solummodo
776 1579 949 1639 dominicam
973 1580 1082 1640 scimus
1103 1580 1256 1639 recitasse.
1290 1577 1388 1639 Recte
1415 1580 1505 1657 igitar

178 1682 328 1785 Repertus
343 1684 520 1745 Tuitiensis.
550 1681 620 1744 Nou
632 1682 749 1761 quidem
761 1681 898 1742 sanctius
912 1700 993 1744 nunc
1006 1688 1052 1743 esi
1069 1697 1161 1761 quum
1173 1686 1242 1740 erut
1251 1680 1341 1759 prius
1353 1681 1398 1741 ud
1409 1680 1505 1754 coium

178 1786 298 1867 wando
316 1786 483 1848 mationem
499 1785 687 1848 Dominicum
699 1791 729 1845 et
740 1784 960 1846 verbodomiai
975 1782 1222 1846 cmuecrubutur.

282 1890 341 1950 Sed
356 1908 415 1950 non
429 1888 584 1949 tacendum
599 1898 655 1965 est,
670 1889 756 1950 aliam
771 1906 894 1970 eamque
908 1906 1043 1965 magnam
1051 1906 1151 1949 messe
1164 1887 1233 1949 loco
1241 1885 1433 1963 Gregorrano
1449 1872 1501 1947 dil·

180 1989 355 2056 llcuitatemt
383 1993 493 2051 etenim
507 1993 531 2051 si
556 1991 647 2051 rerba
661 1998 852 2071 premuntur,
882 1990 1046 2068 Gregorius
1067 1991 1179 2070 primus
1193 1988 1500 2065 instituissevisletur

179 2103 211 2155 ut
226 2094 328 2155 Oratio
348 2095 502 2155 Dominica
528 2095 557 2154 iu
571 2092 702 2183 liemana
724 2094 813 2154 missa
824 2093 988 2154 diceretur.
1023 2092 1106 2153 lianc
1124 2084 1300 2154 sepiendum
1320 2109 1404 2152 suam
1430 2085 1501 2175 lecit

180 2195 233 2259 uu.
250 2195 289 2256 ll.
304 2196 422 2258 Plalli
433 2215 473 2255 us
494 2197 523 2255 in
545 2196 688 2276 opusculo
704 2197 740 2257 de
754 2196 884 2273 liturgiis
897 2213 932 2256 ac
950 2204 1070 2275 praeter
1085 2214 1149 2255 eum
1174 2195 1256 2256 multi
1269 2194 1500 2255 Protestantium

183 2282 329 2377 theologi.
348 2297 396 2359 Ea
408 2314 492 2375 uero,
508 2299 612 2378 inquit,
627 2300 717 2359 utum
730 2297 895 2377 Gregorius
909 2299 1133 2360 triturationem
1149 2298 1329 2360 dominicum
1342 2315 1377 2357 se
1391 2297 1503 2358 cunoni
1583 2360 1587 2365 ,

179 2400 333 2461 missatico
352 2401 509 2478 adiecisse,
524 2418 602 2480 quae
621 2401 652 2461 iu
665 2401 767 2462 eodem
779 2401 926 2463 hacteuus
938 2420 1000 2463 uon
1014 2401 1174 2465 sustituit.
1218 2399 1326 2479 ltaque
1339 2401 1371 2460 iu
1383 2400 1499 2461 Gelasi-

180 2504 357 2565 uuocodice
370 2522 408 2564 ca
421 2504 551 2565 iuceruiri
563 2504 648 2566 dauci
659 2503 755 2584 dedet,
785 2520 864 2584 quae
878 2511 978 2566 tumea
990 2506 1022 2567 iu
1034 2505 1084 2566 iiio
1099 2522 1186 2584 quera
1202 2503 1380 2564 lluoususius
1407 2502 1501 2565 edsiiit

177 2612 289 2667 emtor.
304 2607 1016 2670 AcriterinPlalliumlluratoriusiovehitur.
1038 2608 1144 2670 Allatis
1155 2608 1276 2668 multum
1285 2616 1397 2687 patrum
1413 2608 1499 2667 testi·

176 2688 1497 2797 moniis,pergitdiceretFieriuepotuitutprutioucraturstimoraeuiiuuuliomuuucccle·

175 2810 395 2874 ciuiuCarsoue
410 2812 568 2873 omiserit?
589 2809 705 2889 Apupe.
720 2812 853 2889 atvero,
870 2813 1142 2875 uthaeclluratorii
1153 2832 1226 2894 pace
1238 2812 1341 2890 dicam,
1358 2813 1497 2899 prolecto

175 2916 250 2977 lieri·
265 2914 363 2995 potuit
383 2923 415 2973 ut
427 2913 558 2975 ecclesia
570 2914 701 2975 Romana
732 2912 808 2974 hauc
829 2917 993 2975 orationem
1007 2918 1139 2977 omiserit
1158 2934 1253 2997 aeque
1267 2924 1355 2996 atque
1369 2914 1496 2993 nglro·

175 3017 235 3079 lum
254 3016 477 3098 Apostolorum.
498 3016 635 3078 Liberius
650 3016 750 3079 Bo‘na·
765 3014 856 3090 Quod
878 3016 1171 3079 siususuru'uersue
1189 3017 1494 3095 ecclesiocaiempc·

173 3118 260 3180 utus
273 3118 481 3222 apostolorum
492 3117 562 3197 suit,
593 3118 671 3199 douc
686 3119 877 3180 orationem
865 3139 896 3180 urs
909 3121 1035 3201 mapalis
1049 3122 1151 3182 missis
1165 3122 1307 3205 redicre,
1321 3106 1426 3181 mocio
1438 3138 1496 3180 cur

174 3216 211 3283 G.
224 3204 342 3296 diruis
329 3208 541 3281 cucouceu'icus
554 3220 613 3282 sibi
627 3224 724 3283 cuum
739 3240 806 3282 eum
819 3224 954 3285 omittere
981 3242 1019 3286 uc
1032 3225 1061 3285 si
1087 3242 1144 3286 suo
1171 3230 1302 3302 tempore
1315 3224 1347 3284 iu
1359 3242 1420 3284 usu
1433 3238 1495 3284 uos

173 3329 263 3395 esset.
290 3319 338 3384 Aa
348 3320 462 3401 forte'
449 3343 481 3383 us
493 3325 676 3403 quotidianis
688 3326 790 3386 missis
803 3327 1029 3389 omittebatur
994 3346 1082 3407 ,spec
1095 3333 1196 3389 autera
1206 3327 1368 3405 pristinum
1379 3338 1494 3387 morem

110 3424 115 3433 ’
172 3424 323 3488 restituit?
347 3424 428 3487 Saue
439 3425 519 3487 iuuc
530 3428 659 3488 abusum
673 3428 705 3488 ia
718 3428 853 3489 ecclesiis
866 3428 1082 3509 Hispaniarum
1095 3429 1279 3506 incaluisse,
1307 3429 1411 3491 eodem
1423 3446 1492 3489 sue

172 3526 241 3590 cuia
258 3545 316 3607 quo
326 3529 498 3591 Gdeccssit
509 3527 674 3592 Concilium
691 3529 864 3605 Toletuauup
880 3531 1190 3596 1V;u0s.uoceso..9.
1218 3532 1371 3610 Nouuuiii,
1385 3532 1493 3610 iuquit,

110 3686 115 3695 .
171 3633 363 3693 sacerdotum
377 3632 566 3712 iniliapuuis
578 3635 783 3715 reperiuntur,
798 3636 851 3714 qui
862 3636 1041 3698 domicuicuus
1063 3637 1230 3698 oratiouera
1249 3622 1339 3715 quara
1353 3634 1494 3695 sulcator

171 3741 275 3801 noster
286 3734 388 3796 docuit
400 3742 429 3796 et
438 3740 608 3817 praecepit,
622 3758 683 3800 ocu
695 3738 825 3819 quotidie
838 3739 895 3800 sed
906 3745 1021 3801 tautum
1037 3739 1085 3799 die
1106 3730 1255 3801 dominica
1268 3738 1380 3798 dicuat.
1415 3736 1492 3799 Gou-

116 3824 119 3831 ’
171 3839 248 3917 fugit
270 3839 336 3900 dein
352 3840 434 3901 Boua
448 3840 484 3901 ad
498 3841 636 3900 ioannem
649 3842 832 3921 Diaconum,
848 3845 879 3903 in
893 3844 953 3902 rita
962 3844 1109 3921 Gregorii
1132 3852 1310 3919 narrantem,
1326 3840 1492 3901 orationem

171 3941 346 4002 dominicam
370 3960 441 4004 mox
467 3952 538 4023 post
557 3940 706 4033 Ganouem
736 3964 828 4026 super
856 3944 983 4005 hostiam
1005 3963 1141 4007 cessasse
1170 3938 1299 4006 recitari.
1350 3944 1492 4004 loannem

75 4036 82 4047 ’
171 4044 248 4106 enlm
263 4045 320 4105 viri
335 4045 412 4106 docti
425 4044 573 4117 Romanae
583 4044 728 4106 ecclesiae
738 4066 833 4127 aeque
848 4066 883 4107 ac
894 4048 991 4126 ipsum
998 4047 1174 4126 Gregorium
1188 4050 1227 4108 ita
1242 4048 1403 4128 explicant,
1418 4045 1492 4106 nihil

168 4146 246 4210 aliud
260 4167 277 4210 a
291 4146 438 4227 Gregorio
462 4157 599 4210 statutum
618 4134 711 4208 iui'sse
725 4150 780 4208 uisi
795 4159 826 4210 ut
843 4151 878 4211 lo
888 4169 927 4211 oo
947 4168 1120 4229 congruo
1136 4153 1311 4219 recitaretur
1326 4148 1492 4212 oratiodo·

130 4264 149 4327 j
168 4250 283 4311 minica.
323 4250 390 4312 Non
404 4251 491 4311 male.
527 4253 605 4312 Ante
620 4250 795 4327 Gregorium
811 4252 963 4314 dicebatur
982 4236 1196 4317 Pater'lioster
1216 4255 1265 4315 vel
1289 4256 1318 4314 in
1338 4252 1507 4332 principio·

169 4350 218 4411 vel
233 4353 263 4411 iu
277 4352 335 4413 line
350 4356 473 4418 missac:
492 4355 546 4415 sed
561 4332 773 4415 inconvenieus
788 4355 883 4416 risuum
899 4366 945 4418 est
958 4340 1169 4439 pontilici'eara
1190 4358 1354 4419 orationem
1369 4346 1427 4416 tam
1443 4371 1490 4417 re-

168 4460 274 4514 motam
290 4472 357 4515 esse
371 4456 481 4538 abipsa
496 4457 734 4536 consecratione,
749 4476 833 4539 quam
848 4461 1169 4541 apostolisolummodo
1184 4462 1220 4522 ad
1230 4460 1488 4543 consecrationem

167 4554 347 4623 adiecerunt.
383 4558 539 4641 Expuncta
552 4560 645 4640 igitur
660 4560 836 4625 scholastici
855 4580 963 4644 prece,
985 4584 1061 4645 quae
1079 4572 1148 4643 post
1162 4563 1427 4627 consecrationem
1441 4580 1489 4623 sa·
