3202 5176
767 327 946 425 '153‘-

148 547 247 608 donec
275 547 423 608 auferatur
451 544 487 626 ab
515 546 618 640 Alteri.
652 546 784 639 Peracto
812 557 907 608 autem
928 548 1099 636 Sacrificio,
1129 557 1159 608 31
1180 547 1412 612 Processione
1403 571 1458 614 133

148 650 308 727 13313313,
332 644 473 725 ordine,
471 667 529 737 quo
553 633 608 720 133
622 668 712 729 supra
732 648 841 710 dictu'm
861 652 935 710 331
926 670 955 711 13
975 624 1097 711 11133113
1112 651 1288 730 331331133,
1310 655 1458 715 Sacerdos

149 751 269 830 pluviali
289 751 356 812 albo
371 751 488 812 indutus
510 761 555 811 133
575 753 709 812 13333331
723 753 942 813 Sacramentum
956 752 1142 831 3333131133.
1175 752 1291 815 Deinde
1310 756 1459 818 Diaconos

148 853 310 929 oblongum
325 873 359 913 ac
374 854 484 914 decens
498 853 595 914 velum
611 856 805 934 circumponit
818 855 949 940 scapulis
960 855 1140 934 Sacerdotis,
1155 858 1204 935 qui
1219 866 1304 935 parte
1316 858 1376 918 veli
1391 867 1459 920 ante

148 965 252 1034 pectus
273 956 438 1034 pendente,
461 966 582 1036 utraque
604 975 690 1017 manu
720 967 879 1037 cooperta,
909 961 1106 1018 ostensorium
1130 977 1183 1019 seu
1204 958 1422 1021 tabernaculum
1442 981 1458 1022 a

146 1057 280 1117 Diacooo
298 1058 354 1117 sibi
375 1068 544 1138 porrectum
559 1069 733 1121 reverenter
747 1061 870 1139 suscipit
884 1061 912 1119 in
929 1079 1065 1139 supremo
1082 1060 1191 1121 Altaris
1205 1060 1317 1138 gradu,
1339 1081 1409 1122 mox
1423 1063 1458 1123 ad

147 1158 248 1219 Altare
262 1160 394 1221 ascendit
409 1170 439 1220 et
453 1162 671 1221 Sacramentum
685 1171 752 1222 ante
766 1163 871 1222 faciem
888 1171 992 1222 133333
1014 1153 1150 1223 33311133
1169 1162 1204 1222 ad
1219 1163 1370 1242 populum,
1390 1165 1458 1226 inde

146 1262 300 1322 descendit
320 1261 373 1322 sub
397 1263 551 1324 umbellam
578 1265 784 1324 comitantibus
799 1266 955 1341 ministris,
981 1273 1011 1324 et
1032 1264 1088 1325 duo
1110 1264 1251 1341 Acolythi
1273 1265 1322 1324 331
1349 1264 1457 1327 Clerici
1487 1320 1491 1327 ,

146 1382 209 1422 333
237 1364 391 1424 thuribulis
421 1365 624 1427 ellumantibus
653 1354 883 1445 praeceduntl).
927 1367 1035 1428 Omnes
1057 1366 1236 1448 praecedent
1259 1368 1337 1427 nudo
1362 1370 1458 1447 capite

146 1481 288 1526 accensos
326 1485 431 1528 cereos
467 1478 620 1544 gestantes
651 1478 680 1528 et
715 1479 875 1549 sequentes
911 1469 1042 1547 llymnos
1077 1489 1131 1550 pro
1166 1468 1351 1545 longitudine
1386 1468 1457 1531 Pro·

145 1570 290 1627 cessionis
305 1568 414 1629 devote
430 1573 632 1631 concinentes.
668 1571 742 1631 lium
764 1590 837 1633 3333
853 1573 1000 1632 Sacerdos
1022 1572 1147 1634 discedit
1166 1571 1329 1650 3113111331,
1352 1570 1457 1633 Clerus

146 1678 177 1730 et
191 1669 337 1731 Sacerdos
350 1681 469 1749 cantare
482 1674 584 1752 incipit
602 1681 762 1752 sequentes
777 1673 922 1750 Hymnus:

488 1904 490 1908 Ι
560 1835 677 1904 Pange
696 1835 818 1905 113333
837 1828 1038 1907 313313311)
1066 1821 1070 1829 ’

622 1919 755 1990 Corporis
769 1918 936 1989 mysterium,

621 2004 820 2076 Sanguinisque
834 2003 959 2076 pretiosi,
998 2014 1001 2019 ’

620 2089 704 2156 Quem
716 2089 742 2143 13
755 2089 843 2145 33311
859 2089 975 2162 pretium

623 2174 736 2230 Fructus
753 2173 856 2231 ventris
871 2172 1001 2245 generosi
1045 2182 1047 2187 ’

624 2259 681 2315 ilex
692 2258 787 2316 effudit
797 2259 917 2331 gentium
928 2267 981 2318 313.

144 2418 228 2426 ...ρ-..-
240 2417 347 2424 ’.ω-..ῥ-

142 2545 303 2602 Sacerdotis
318 2561 423 2602 sacram
433 2545 624 2601 eucharistiam
635 2560 713 2599 3333
724 2546 868 2615 333133113,
879 2546 928 2600 331
943 2545 1104 2600 baldachino
1117 2562 1132 2600 a
1149 2553 1263 2617 quatuor
1278 2545 1458 2602 31313131313.

144 2631 315 2686 Ordinarium
327 2631 530 2686 Silvanectense
542 2629 662 2685 eiusdem
674 2630 770 2683 aetatis
782 2630 856 2684 iubet
867 2631 894 2685 in
905 2638 1001 2701 aperto
1013 2630 1124 2685 vasculo
1137 2636 1333 2684 sacramentnm
1345 2628 1459 2686 1313331.

144 2715 246 2771 Contra
259 2716 372 2770 Thiersii
391 2715 547 2786 opinionem
564 2717 725 2769 333133331
743 2714 952 2770 constitutiones
971 2715 1046 2769 chori
1066 2703 1093 2769 S.
1110 2713 1240 2768 llartialis
1259 2713 1457 2769 lemovicensis

144 2816 214 2855 anno
229 2800 441 2872 1313331333
461 2817 496 2855 ex
514 2817 605 2854 33333
619 2799 692 2854 enim
707 2799 770 2868 1333
784 2794 909 2870 portatur
925 2798 1030 2870 Corpus
1042 2798 1169 2854 Christi
1162 2815 1188 2852 m
1201 2798 1286 2852 331133
1298 2798 1456 2868 pulchriori

145 2887 211 2939 Puto
230 2893 256 2940 et
278 2885 361 2941 131113
379 2885 482 2941 333133
498 2885 582 2941 131333
604 2883 781 2939 ecclesiarum
800 2883 1036 2969 consuetudinem:
1060 2885 1120 2978 plus
1136 2881 1209 2937 13313
1225 2889 1312 2937 13333
1333 2882 1457 2938 33311331

144 2970 288 3025 1133133133
301 2972 420 3040 picturas
435 2972 569 3042 antiquas
592 2969 629 3023 Ea
643 2986 711 3040 quae
724 2968 786 3023 data
799 2977 841 3025 est
852 2948 1004 3040 pictoribus
1018 2967 1095 3026 venia
1108 2974 1234 3038 poterant
1245 2966 1457 3026 indevotionem

144 3056 319 3125 spectantium
336 3064 531 3110 sacramentum
547 3055 698 3126 depingere
715 3053 766 3110 3131
785 3053 811 3109 13
834 3054 919 3109 331133
942 3053 1012 3109 331
1006 3071 1032 3108 13
1052 3070 1117 3109 3333
1138 3054 1231 3107 313333
1255 3051 1490 3121 deportaretur..

143 3139 230 3193 Porro
242 3139 384 3208 ambiguae
397 3140 513 3196 33113313
529 3148 590 3196 stunt
602 3155 685 3194 33333
708 3138 865 3194 3133333
880 3146 907 3194 31
919 3145 1088 3210 apertum.
1121 3136 1155 3193 Et
1176 3153 1246 3192 nunc
1268 3136 1456 3190 circumfortur
1486 3146 1490 3154 ·

143 3222 312 3279 Eucharistia
327 3241 380 3279 non
397 3233 501 3298 aperte,
517 3226 554 3280 ita
569 3233 658 3280 tamen
670 3230 698 3279 ut
710 3240 760 3294 per
771 3223 870 3278 vitrum
884 3231 1015 3296 appareat
1027 3223 1138 3296 populo.

196 3370 198 3374 ’
230 3376 258 3450 1)
275 3376 357 3431 31113
376 3377 575 3433 accuratiorem
594 3375 781 3434 Processionis
804 3376 1016 3447 descriptionem
1038 3393 1072 3432 311
1099 3373 1290 3430 Caerimooiali
1306 3372 1456 3428 1133331133

145 3460 375 3528 congregationis
391 3462 605 3519 Bursieldensis:
626 3480 711 3536 pauca
731 3478 765 3517 313
788 3461 911 3516 1333333
929 3460 1125 3516 333333131133
1143 3465 1286 3514 33133133.
1315 3457 1456 3527 1113133313

144 3544 358 3598 Caerimoniario
371 3546 515 3602 Processio
531 3547 682 3616 inchoatur.
712 3547 800 3601 Primo
818 3546 914 3601 ordine
926 3544 1079 3616 procedunt
1100 3543 1211 3599 scholae
1229 3545 1457 3614 puerorum,.aut

143 3626 295 3700 puellarum
312 3628 420 3685 vexillis
437 3630 559 3700 propriis
574 3629 731 3686 distinctae:
756 3630 853 3686 deinde
865 3629 1102 3685 confraternitates
1117 3627 1247 3682 laicorum
1258 3626 1382 3682 similiter
1397 3643 1456 3682 com

142 3713 200 3770 suis
219 3713 342 3785 vexillis,
365 3715 535 3784 postmodum
554 3715 671 3770 curiales
695 3722 723 3769 et
737 3712 881 3784 oiliciales,
900 3713 998 3785 aliique
1016 3712 1157 3784 portantes
1179 3713 1310 3770 intortitia
1330 3728 1456 3781 accensa,

141 3799 214 3853 13133
236 3814 303 3869 quos
326 3799 419 3854 ultimo
438 3800 501 3855 loco
520 3801 595 3855 ibunt
617 3798 768 3855 nobiliores
790 3809 837 3854 aut
855 3798 1028 3867 magistratus
1051 3797 1149 3869 aliique
1171 3797 1223 3853 viri
1245 3798 1454 3870 praeclariores.

141 3883 246 3939 Deinde
266 3884 445 3956 subsequetur
465 3885 667 3955 subdiaconus,
685 3885 744 3940 3133
766 3885 834 3940 31133
856 3882 1189 3955 superpelliceoparatus
1208 3892 1320 3954 portans
1338 3898 1455 3950 crucem,

143 3969 246 4024 331133
268 3969 340 4025 13133
362 3970 431 4024 1333
453 3956 654 4038 333313333133;
672 3979 727 4026 133
746 3969 847 4025 iratres
863 3968 956 4024 floccis
974 3967 1059 4022 131311
1075 3969 1130 4045 1131
1146 3976 1174 4024 31
1193 3968 1248 4024 bini
1264 3965 1419 4038 incipiendo
1440 3982 1455 4019 a

142 4053 301 4109 iunioribus.
332 4053 498 4109 Contentum
511 4062 659 4127 sequuntur
671 4063 787 4126 quatuor
798 4061 843 4109 331
854 4053 888 4109 31
900 4053 987 4108 31333
1005 4052 1059 4108 133
1072 4053 1192 4123 acolythi
1205 4054 1309 4109 facibus
1322 4066 1405 4105 accen
1421 4047 1454 4116 is,

142 4145 196 4193 tum
209 4139 330 4193 minister
343 4139 401 4194 sive
415 4140 560 4208 Presbyter
575 4141 720 4209 assistens,
740 4139 802 4194 dein
821 4138 985 4194 thuriferarii
1001 4146 1063 4193 ante
1084 4139 1110 4194 S.
1124 4139 1325 4194 Sacramentum
1341 4148 1453 4186 moven-

139 4224 650 4294 133113311313333,3313311133
672 4219 720 4281 sub
739 4224 903 4280 baldachino
924 4223 996 4279 nudo
1017 4240 1048 4278 ca
1064 4225 1120 4294 pite
1141 4230 1253 4294 portans
1269 4221 1455 4275 Sarameotum

140 4308 269 4364 ambabus
282 4309 414 4379 manibus,
430 4310 553 4367 331133
545 4319 617 4367 33133
630 4311 768 4365 ministros
783 4325 878 4366 sacros
889 4316 1011 4405 paratos.
1041 4309 1069 4362 Si
1088 4309 1158 4364 adsit
1169 4308 1285 4400 1333133
1303 4302 1338 4358 13
1356 4303 1454 4372 131333,

141 4391 301 4462 cardinalis,
313 4393 466 4469 Episcopus
477 4395 531 4450 1331
535 4384 605 4468 (331
618 4397 797 4466 imperator,
803 4395 861 4449 Rex
868 4394 1024 4480 ,princeps
1039 4400 1091 4447 313.
1082 4391 1112 4467 )
1118 4377 1270 4447 immediate
1286 4395 1350 4459 post
1361 4387 1454 4443 hbba-

103 4522 109 4534 .
140 4483 195 4531 tem
208 4476 342 4534 incedent.
361 4479 503 4550 Fratres,
525 4481 569 4552 qui
589 4481 659 4535 13133
676 4479 818 4553 ecclesiam
833 4486 984 4574 portarunt
989 4475 1194 4533 113113311133131Ι
1188 4491 1273 4545 ipsum
1289 4481 1366 4530 311133
1379 4473 1453 4528 13333

139 4559 214 4616 111133
224 4560 379 4636 relinquent
391 4564 503 4621 1311133
511 4565 647 4622 nobrhbus
668 4559 1112 4672 3333111313333113313131)
1127 4560 1279 4617 Thesaurus
1288 4558 1452 4662 13333133.
1508 4566 1512 4577 ’

139 4647 161 4705 l.
179 4662 204 4716 p
222 4649 281 4702 131.
1037 4679 1041 4685 ·
1519 4652 1524 4661 “
