3202 5176
714 327 905 421 aas

93 558 100 570 .
147 501 324 579 debitores
344 514 378 576 et
401 502 550 576 fructum
578 503 620 575 de
646 505 806 600 proiectu
832 511 984 581 omnium
1016 510 1340 610 consequanturlln
1388 468 1463 588 rnss

113 662 116 667 ·
145 606 232 681 buas
252 607 303 678 cis
330 605 477 677 Domine
506 586 704 681 caeninam
731 612 965 707 episcopalem
991 612 1035 684 ad
1061 615 1249 707 regendam
1276 616 1462 690 ecclesiam

145 717 239 793 tuom
256 716 292 779 et
313 705 448 803 plebem
469 696 676 782 universam.
699 707 767 807 ‚Sis
787 715 839 791 eis
861 711 1107 812 auctoritas²)=
1129 718 1336 813 multiplices
1351 738 1461 815 super
1568 772 1574 781 .

145 832 210 897 eos
225 808 504 899 benedictionem
530 821 564 885 et
586 814 730 904 gratiam
751 823 875 904 tuam,·
887 825 924 886 ut
949 817 993 887 ad
1010 820 1225 899 exorandam
1246 841 1383 916 semper
1400 823 1462 893 mi·

130 911 369 1084 -serlcorrlliam
394 923 485 984 tuam
511 923 570 985 tuo
589 936 732 987 munere
758 916 893 1007 idonei,
920 929 977 997 tua
1004 923 1114 1012 gratia
1139 924 1274 1017 possint
1299 945 1379 1001 csse
1403 923 1462 995 dc-

146 1016 229 1087 voti
313 1037 360 1085 cr.
411 1042 418 1054 ·
1238 1056 1245 1070 ·

214 1164 219 1173 ·
249 1112 435 1189 Secreta.
472 1114 632 1213 Suscipc,
653 1118 812 1208 Domine,
835 1110 998 1211 munera
1013 1146 1101 1217 quae
1118 1123 1178 1197 tibi
1201 1125 1376 1199 offerimus
1398 1148 1462 1220 pro

146 1215 276 1290 famulo
298 1227 358 1293 luo
380 1226 435 1288 ltlo
456 1228 491 1289 et
511 1222 678 1314 propitius
697 1222 732 1291 in
753 1221 875 1293 eodem
892 1232 950 1294 tua
973 1223 1062 1296 dona
1085 1227 1229 1298 custodi.
1283 1227 1360 1298 Per.

151 1390 154 1395 Α
233 1314 739 1395 'Post'Oommuuionem
792 1323 936 1395 Plenum
967 1347 1196 1421 quaesumus,
1231 1329 1463 1417 Dominc2in

93 1472 98 1485 .
146 1416 248 1515 nobis
267 1421 457 1494 remedium
481 1433 562 1494 tuae
587 1422 816 1498 miserationis
841 1420 1054 1521 operareset
1081 1429 1170 1504 tales
1196 1452 1262 1505 nos
1286 1452 1366 1505 esse
1385 1430 1463 1526 pe'r-
1550 1502 1554 1509 .

149 1522 255 1597 licere
279 1526 448 1620 propitius
474 1515 599 1620 io'vere
623 1527 785 1619 digneris.
838 1525 959 1626 Per3).
988 1612 991 1616 Α

252 1635 392 1713 Sequitur
404 1634 504 1710 Missa,
513 1654 598 1714 quam
611 1655 666 1717 pro
681 1655 714 1697 se
728 1636 894 1719 Episcopus
910 1640 959 1701 die
970 1641 1170 1705 Ordinaticnis
1184 1632 1256 1703 suae
1269 1651 1378 1718 mutat,
1393 1641 1464 1702 item

93 1720 102 1730 ’
146 1736 207 1799 alia
227 1737 257 1797 in
280 1735 420 1798 Natalitio
443 1735 606 1818 Episcopi,
630 1740 657 1799 si
677 1739 809 1801 iniirmus
829 1749 879 1801 aut
898 1740 1007 1803 absens
1027 1743 1135 1822 luerit,
1156 1743 1284 1824 qualiter
1304 1742 1465 1819 Presbyter

148 1838 258 1901 debeat
271 1837 425 1900 celebrare
440 1836 573 1901 blissam:
591 1840 677 1902 tertia
691 1858 746 1919 pro
762 1840 820 1903 alio
840 1826 1013 1905 Sacerdote.

252 1927 290 2001 B.
306 1927 400 2002 Ordo
416 1930 562 2027 qualiter
580 1936 615 2005 in
625 1933 780 2007 Romana
794 1931 895 2009 Sedis
908 1933 1138 2031 Apostolicae
1153 1933 1302 2013 ecclesia
1315 1933 1464 2032 Presby-

119 2105 126 2122 ,
147 2033 234 2124 teri,
261 2031 408 2105 Diaccni
430 2033 491 2104 vel
512 2030 721 2107 Subdiaconi
743 2034 894 2128 eligendi
919 2047 1022 2120 sunl..

250 2142 363 2209 nassis
375 2145 461 2225 primi
477 2144 528 2220 lv,
543 2145 603 2211 ‚Vll
617 2155 648 2208 st
661 2145 689 2207 X
704 2147 898 2209 sabbatorum
914 2148 963 2210 die
980 2150 1010 2210 in
1024 2147 1080 2209 Xll
1093 2146 1252 2210 lectiones
1273 2149 1308 2210 ad
1326 2148 1465 2211 Sanctum

149 2247 279 2324 Petram,
301 2246 351 2306 ubl
366 2246 474 2308 llissae
488 2235 730 2326 celebrantnr4).
762 2249 920 2330 Postquam
933 2240 1132 2332 Antiphonem
1152 2244 1189 2312 ad
1208 2248 1362 2315 introitum
1382 2240 1465 2311 dixe*

150 2348 221 2427 rint,
236 2347 302 2410 data
318 2344 453 2409 oratioue
470 2346 625 2411 adnuntiat
634 2349 774 2423 Pontifex
788 2350 818 2412 in
832 2350 944 2433 populo
960 2344 1079 2416 dicensr
1366 2339 1373 2350 ’

207 2460 214 2475 ·
252 2439 622 2538 Auxiliantebpmins
647 2442 725 2514 Deo
753 2450 788 2513 el
816 2441 1002 2517 salvatore
1024 2453 1144 2534 nostro
1170 2440 1251 2535 lesu
1276 2436 1465 2537 ChristoP).
1522 2454 1532 2468 ·

253 2546 363 2623 iterum
377 2551 462 2612 dicit:
487 2536 689 2617 Auxilianle
710 2543 858 2617 Domino
881 2538 1066 2628 Salvatorc
1087 2554 1207 2619 nostro
1229 2542 1310 2618 lesu
1330 2538 1467 2616 Christo

149 2644 322 2738 elegimus
343 2645 379 2714 in
405 2642 526 2715 ordim
548 2645 693 2718 Diaconi
716 2656 781 2716 sive
802 2644 1004 2751 Presbyteri
1025 2656 1106 2717 illam
1128 2644 1384 2720 subdiaconum
1401 2652 1468 2713 sive

150 2746 343 2819 Diaconum
363 2745 408 2817 dc
432 2744 546 2818 Titulo
570 2757 633 2819 illo.
686 2745 725 2821 Si
751 2748 827 2843 quie
846 2750 960 2820 antem
983 2747 1084 2822 habet
1110 2744 1237 2843 aliquid
1260 2755 1381 2818 contra
1404 2743 1467 2818 bos
1544 2814 1547 2819 .

124 3000 137 3029 ··
217 2983 247 3059 1)
269 2985 372 3064 Desunt
388 2983 496 3045 in-cod.
512 2985 555 3054 E,
576 3001 645 3057 qnae
658 2986 735 3044 uncis
749 2985 852 3043 inclusa
865 2992 938 3043 sunt
959 3042 962 3047 .

216 3067 693 3147 2)‘liE.antoritas;,srssas
717 3073 915 3129 firmatas·
953 3060 965 3077 ‘
1186 3140 1189 3145 .

214 3155 246 3222 3)
266 3154 301 3209 ll.
317 3153 399 3210 babet
413 3153 627 3211 duas'coilectas
644 3155 709 3211 Post
727 3155 963 3224 Communioncm‚
984 3169 1055 3224 quae
1070 3148 1200 3209 iniierunt
1215 3162 1233 3206 'a
1254 3165 1336 3222 supra
1356 3147 1468 3221 scripta,

127 3227 298 3311 ''practerea
308 3237 449 3310 propriam
458 3238 602 3295 collectam
613 3239 683 3296 inira
694 3238 847 3296 Actionem.
877 3238 970 3309 Neque
979 3235 1011 3293 E.
1023 3237 1051 3293 in
1062 3237 1113 3295 his·
1122 3235 1264 3310 conspirat
1277 3250 1337 3289 cum
1349 3230 1466 3293 Gelasio,
1572 3228 1576 3241 “

152 3322 253 3381 Notaui
264 3323 374 3392 dignum
385 3330 438 3393 cst,
449 3314 514 3395 posi
527 3322 750 3381 Consecralionis
765 3324 906 3380 formulam
922 3323 950 3377 in
970 3321 1098 3392 Eligiano
1116 3320 1280 3379 mentionem
1292 3319 1390 3374 iactam
1409 3332 1470 3373 esse

152 3407 297 3464 ordinandi
308 3408 406 3479 Papae.
440 3407 493 3477 „st
504 3396 576 3479 Papa
592 3408 734 3471 ordinatus
749 3415 801 3480 cst,
816 3409 887 3463 hacc
898 3406 962 3464 addi
974 3400 1113 3462 debentia
1127 3406 1203 3475 loco,
1216 3404 1261 3459 nbi
1273 3402 1404 3475 scriptum
1418 3396 1469 3456 ess

152 3491 196 3547 Et
217 3489 253 3544 id
274 3489 376 3563 circo
398 3490 479 3547 hnic
501 3491 631 3551 famulo
655 3499 734 3564 tuo,
756 3509 854 3565 quem
876 3487 1238 3569 apostolicaesedis
1266 3486 1470 3559 praesulem

153 3582 190 3633 et
209 3572 393 3646 primalcm
418 3575 582 3646 omnium,
607 3576 664 3648 qni
696 3577 729 3633 ia
759 3577 849 3650 orbe
869 3582 1045 3632 terrarum
1066 3578 1148 3630 sunt
1170 3571 1417 3660 sacerdotum⁸
1434 3585 1472 3626 ac

153 3656 386 3715 universalis
407 3657 593 3717 ecclesiae
614 3666 695 3718 tuae
717 3662 911 3717 Ductorem
933 3656 1070 3715 dedisti
1095 3663 1128 3714 et
1150 3655 1192 3712 ad
1208 3654 1472 3713 summi-sacer·

153 3742 247 3800 dotii
280 3740 733 3821 minist‘erinnelegisti,
765 3745 855 3801 banc
884 3758 1102 3815 quaesumus
1133 3740 1283 3799 Domine
1317 3739 1472 3811 grat-iam

151 3825 366 3898 largiaris.“
475 3837 482 3849 ·

217 3909 249 3987 4)
269 3911 533 3986 Densisprimi
557 3913 625 3974 be.
649 3911 786 3983 Martii,
810 3909 901 3985 quarti
922 3909 1033 3982 lonii,
1059 3909 1168 3985 septimi
1194 3908 1420 3983 Septembris
1445 3913 1474 3965 ct
1588 3914 1593 3923 “

155 3996 254 4059 decimi
275 3995 493 4059 Decembris.
667 4050 677 4067 ,
1151 4016 1155 4023 ·
1311 4052 1318 4064 ,
1463 4006 1468 4055 j

220 4084 248 4150 5)
275 4080 307 4137 E.
334 4079 678 4157 Postquampdntipbonam
700 4080 735 4137 ad
752 4079 894 4137 introitum
922 4077 1058 4149 dixerint,
1077 4077 1140 4135 data
1164 4077 1296 4150 ⁴oratione
1323 4074 1398 4131 verit
1419 4070 1473 4131 Arss

135 4164 332 4243 .rlaidicconns
345 4173 373 4221 ct
392 4165 475 4222 offert
493 4182 565 4246 cum,
581 4165 626 4238 qni
648 4165 815 4231 ordinandus
832 4170 895 4237 cst,
913 4163 1035 4237 ponh‘lici
1053 4163 1091 4220 ita
1109 4163 1218 4239 dicens:
1242 4159 1364 4217 Postulat
1379 4165 1474 4244 sancta

155 4257 242 4311 mater
263 4249 383 4307 ccclesia
405 4250 554 4320 catholica,
577 4258 607 4307 ut
631 4252 703 4308 lrunc
726 4245 899 4323 praesentem
922 4238 1120 4307 Subdidcoonm
1147 4246 1188 4302 ad·
1204 4260 1272 4301 onus
1291 4242 1404 4299 Diaconi
1428 4243 1474 4313 vel

93 4350 97 4359 '
155 4335 305 4392 Diaconum
326 4335 361 4391 ad
382 4351 450 4392 onus
467 4330 636 4404 Presbyterii
659 4334 802 4411 ordinetis.
838 4335 996 4406 Interrogat
1012 4333 1182 4406 Episcopus:
1203 4328 1343 4393 Scissum
1364 4327 1475 4401 dignum

156 4416 243 4479 esse?
274 4420 430 4492 Respondet
441 4419 578 4476 offerens:
601 4420 733 4489 Quantmn
746 4422 858 4481 humana
872 4419 1008 4493 fragilitas
1020 4433 1103 4475 nosse
1114 4413 1177 4472 sinit
1189 4420 1217 4469 et
1226 4412 1286 4471 scio
1301 4420 1329 4469 ct
1342 4413 1476 4470 testificor

155 4504 244 4576 ipsum
259 4503 370 4587 dignum
385 4521 447 4563 esse
458 4504 494 4561 ad
509 4504 587 4562 huius
599 4521 668 4564 onus
687 4505 781 4565 cilicii.
810 4505 845 4564 Et
858 4512 923 4564 tunc
944 4502 1085 4589 annuntiat
1103 4499 1230 4582 Pontifex
1248 4496 1352 4573 populo
1364 4496 1477 4563 dicensz,

155 4588 313 4646 duxibante
327 4596 380 4649 etc.
397 4589 523 4660 eligimus
535 4597 587 4647 etc.
1019 4588 1026 4596 ’
1506 4593 1510 4598 “
