3202 5176
827 320 903 395 484

210 518 303 595 ctus,
337 503 428 579 dono
455 507 658 600 virginitatis
685 502 844 580 decorari
867 515 902 578 te
928 504 1076 577 donante
1101 514 1307 578 mereantur.
1352 511 1517 594 Sequentia

209 621 280 687 dicit
296 620 384 701 plane
397 619 525 731 legendo
539 620 580 682 ita
594 628 690 682 tannen
702 627 734 682 ιι
746 638 762 681 a
776 617 1029 682 circumstantibus
1043 617 1189 681 audiatur:
1215 607 1282 681 Pet·
1303 608 1394 681 Dum
1416 625 1476 679 etc.
1589 606 1593 616 ’

311 755 383 818 'lum
397 716 536 821 Pontifex
555 764 677 838 accepta
699 756 783 815 mitra
803 754 908 835 incipit
927 753 1029 816 schola
1042 762 1259 836 prosequente:
1283 743 1374 817 Veni
1394 730 1518 816 Electa

209 871 304 939 meu,
329 872 453 947 ponam
481 852 516 921 in
544 860 578 922 te
605 849 763 922 thronum
789 868 910 920 meum.
953 846 1039 933 Quia
1060 849 1256 945 concupivit
1278 872 1344 920 rex
1364 850 1517 946 speciem

207 960 309 1024 tuam
352 952 509 1044 licAudi
529 949 598 1024 lilia
621 961 656 1024 et
674 951 754 1024 vide
776 961 811 1023 ιι
830 953 954 1023 inclina
975 973 1092 1022 aurem
1112 962 1213 1024 tuam
1255 949 1352 1037 Quin
1391 960 1516 1040 lucepao

208 1066 402 1146 responsorio
422 1064 508 1126 sedet
524 1064 664 1129 Pontifex
679 1082 742 1125 cum
755 1064 839 1125 mitra
855 1073 884 1125 ιι
898 1082 935 1125 eo
950 1063 1031 1124 linito
1047 1072 1171 1142 surgunt
1183 1064 1316 1142 uirgines
1332 1060 1447 1125 etduae
1459 1063 1516 1144 pni-

207 1184 273 1229 mae
294 1186 332 1229 ex
346 1169 389 1229 eis
403 1176 629 1250 praesentantur
642 1186 658 1229 u
673 1166 881 1248 paranymphis
896 1165 1055 1251 Pontifici,¹
1070 1184 1169 1228 coram
1181 1183 1240 1246 quo
1254 1165 1404 1228 humiliter
1419 1182 1517 1243 genna

208 1267 347 1350 flectunt,
378 1279 528 1332 cantantes
555 1270 640 1332 simul
670 1268 886 1349 Antiphonam;
919 1258 1057 1333 Ancilla
1085 1256 1209 1332 Christi
1243 1281 1318 1333 sum
1347 1258 1428 1331 ideo
1462 1279 1517 1330 ms

104 1450 108 1455 p
208 1364 354 1436 ostendo
375 1364 537 1437 servilem
558 1361 687 1435 hahere
706 1383 898 1457 personam.
943 1372 1006 1446 Qun
1029 1371 1440 1449 ntesauuuriiexiutennogut
1453 1370 1517 1431 illas

206 1476 302 1556 putam
317 1475 435 1537 diceus:
457 1463 569 1540 Vultis
588 1467 776 1561 persistere
796 1468 832 1535 iu
850 1476 966 1537 sancta
983 1466 1192 1558 virginitate,
1216 1487 1315 1560 qnam
1334 1463 1518 1562 professae

208 1568 317 1641 estis?
361 1576 400 1639 Et
413 1576 481 1639 illac
494 1576 579 1639 simul
594 1576 789 1659 respondent:
815 1566 993 1642 Volumus.
1040 1575 1112 1638 'lum
1127 1577 1265 1638 Pontifex
1279 1577 1406 1659 imponit
1419 1576 1517 1638 velum

206 1680 297 1761 snper
312 1689 397 1760 caput
412 1679 577 1758 cuiuslibet,
594 1681 672 1763 qnod
687 1678 851 1761 dependeat
866 1698 957 1760 super
970 1680 1104 1760 scapulas
1119 1688 1148 1741 et
1161 1697 1251 1762 super
1266 1689 1372 1761 pectus
1384 1689 1519 1760 eiusque

207 1783 242 1844 ad
271 1783 374 1845 oculos
402 1783 526 1862 singulis
549 1783 667 1846 dicens:
692 1773 824 1870 Accipe
850 1774 1010 1844 velamen
1036 1795 1172 1846 sacrum
1198 1795 1265 1868 quo
1292 1774 1517 1866 cognoscaris

206 1876 367 1949 mnndum
390 1880 614 1975 contemsisse
635 1886 670 1950 ct
688 1886 723 1948 te
744 1874 879 1950 Christo
902 1875 981 1950 Iesu
999 1878 1170 1947 veraciter
1187 1875 1427 1971 humiliterrpne
1444 1884 1517 1947 toto

206 1981 321 2053 cordis
352 1983 472 2053 annisu
504 1986 665 2076 sponsam
689 1979 935 2076 perpetualiter
961 1978 1174 2069 subdidisse,
1209 1982 1328 2075 quite
1354 1977 1397 2049 ab
1426 1977 1515 2049 omni

127 2088 134 2103 ‘
205 2081 297 2153 malo
321 2081 492 2171 defendat,
517 2092 550 2154 et
571 2082 614 2153 ad
635 2084 742 2153 vitam
763 2081 928 2176 perducat
950 2091 1131 2152 ueternum.
1175 2091 1324 2152 Annianus
1338 2089 1443 2151 velatis
1456 2107 1513 2149 am·

206 2192 262 2254 hae
282 2193 366 2255 simul
386 2192 563 2271 genuflexae
578 2202 608 2254 ιιι
622 2202 706 2254 erant
718 2201 834 2254 cantani
848 2193 922 2254 hanc
934 2193 1149 2272 Antiphonem:
1175 2184 1294 2258 Posuit
1322 2186 1456 2276 signum
1481 2183 1516 2253 iu

205 2285 328 2359 faciem
356 2281 485 2377 meam,
518 2297 555 2359 ut
580 2286 710 2359 nullum
736 2294 874 2381 praeter
901 2307 978 2357 eum
1004 2298 1191 2359 amatorem
1218 2287 1400 2358 admittam.
1451 2295 1516 2369 Quo

205 2396 283 2460 facto
304 2400 485 2462 reducuntur
503 2417 519 2460 a
539 2400 679 2461 matronis
700 2397 858 2479 praedictis
877 2395 913 2458 ad
934 2398 1000 2460 loca
1020 2399 1131 2460 ordinis
1146 2401 1191 2461 sui
1205 2399 1254 2460 ubi
1267 2399 1350 2480 prius
1366 2406 1468 2476 erant,
1487 2388 1518 2457 et

206 2501 281 2563 aliae
300 2501 374 2563 dnae
387 2519 462 2583 quae
476 2510 545 2583 posi
558 2502 623 2563 illas
639 2503 669 2562 iu
684 2501 788 2564 ordine
802 2510 983 2581 sequuntur,
1002 2511 1228 2581 praesentantur
1242 2501 1398 2579 Pontifici,
1420 2518 1517 2562 coram

206 2622 264 2686 qno
278 2606 365 2667 simili
382 2605 469 2666 modo
484 2603 701 2684 genuflectunt,
716 2602 852 2665 velantur
866 2611 896 2665 ιι
910 2612 1043 2683 cantant,
1057 2614 1088 2665 ιιι
1101 2606 1222 2685 primae.
1263 2602 1407 2667 Omnibus
1421 2612 1517 2665 autern

205 2709 249 2769 sic
262 2708 378 2787 relatis,
394 2709 529 2789 deposita
544 2710 629 2769 mitra
643 2707 782 2771 Pontifex
793 2707 888 2786 surgit
903 2700 933 2768 et
946 2715 1026 2768 stans
1040 2726 1144 2770 versus
1160 2709 1195 2771 ad
1212 2708 1280 2771 illus
1293 2704 1382 2768 dicit:
1400 2697 1518 2769 Domi-

204 2821 269 2875 nus
290 2800 370 2875 v'oh,
422 2800 579 2873 Etcum.

309 2918 463 2991 Onemus
511 2920 670 2992 Famulus
695 2926 772 2992 inas
798 2919 944 2991 Domine
969 2929 1049 2992 tuae
1076 2919 1231 2993 custodia
1255 2923 1385 2992 muniat
1411 2922 1518 3016 pieta-

204 3023 248 3094 tis
273 3031 310 3094 ut
335 3023 539 3114 virginitatis
566 3031 704 3098 sanetae
727 3023 940 3117 propositum
966 3023 1058 3118 quod
1083 3032 1119 3094 ιι
1144 3025 1330 3121 inspirante
1353 3044 1518 3119 suscepe-

88 3150 91 3157 ’
120 3176 124 3183 -
205 3130 296 3236 runt,
320 3134 354 3196 ιι
375 3133 579 3220 protegente
601 3126 758 3197 illaesum
783 3125 983 3198 custodiant.
1029 3109 1105 3211 Qui
1120 3128 1221 3200 vivis

167 3286 170 3293 ·
231 3325 234 3330 .
307 3252 378 3315 'l'nm
393 3252 532 3316 Pontifex
552 3262 673 3335 accepta
691 3254 774 3315 mitra
793 3262 882 3316 uocat
895 3273 1027 3334 virgines
1042 3273 1186 3336 incipiens
1199 3254 1402 3336 Antiphonem
1417 3253 1517 3315 schola

204 3365 421 3438 prosequente:
448 3347 659 3445 Desponsari
685 3345 809 3447 dilecta
831 3351 931 3438 ιιιιιι,
958 3347 1067 3422 hiems
1093 3351 1244 3439 transiit,
1274 3358 1389 3421 turtur
1417 3349 1516 3436 canit,

204 3451 329 3522 vineae
354 3448 518 3524 florentes
544 3450 711 3523 redolent
759 3460 823 3535 Qua
843 3461 979 3541 incepta,
1000 3461 1085 3523 sedet
1099 3461 1238 3522 Pontifex
1258 3480 1323 3523 cun
1337 3463 1425 3522 mitra
1440 3468 1469 3522 et
1483 3476 1517 3520 ea

206 3561 287 3621 linita
310 3559 378 3622 illae
399 3566 474 3642 quae
493 3565 604 3644 primae
625 3571 768 3624 venerant
791 3563 827 3625 ad
852 3564 1052 3645 recipiendum
1067 3563 1163 3625 velum
1171 3572 1430 3644 praesentantur
1442 3563 1516 3624 Pon

207 3664 278 3726 tiflci
293 3682 309 3752 a
322 3667 461 3726 mainonis
477 3666 634 3746 praedictis
651 3684 688 3728 ιο
701 3666 789 3727 modo
805 3665 971 3746 cicolino,
991 3668 1067 3728 sicut
1080 3667 1171 3747 prius.
1215 3666 1298 3729 'l'uoc
1315 3666 1458 3729 Pontifex
1472 3682 1518 3726 ac·

206 3767 321 3847 cipiens
343 3767 479 3828 annulum
501 3788 565 3830 enm
587 3769 708 3831 dextera
730 3786 798 3847 sna,
823 3778 853 3831 et
872 3769 1023 3832 dexteram
1043 3787 1157 3831 manum
1179 3770 1304 3849 virginis
1320 3787 1384 3831 cum
1399 3769 1518 3830 sinistra

205 3887 290 3931 manu
312 3887 365 3931 sua
386 3879 416 3930 et
434 3872 552 3934 mittens
571 3871 708 3934 annulum
728 3872 822 3953 ipsum
845 3867 938 3950 digito
961 3873 1094 3935 annulari
1113 3873 1255 3935 dexterae
1274 3890 1376 3935 manns
1391 3870 1515 3950 virginis

206 3958 367 4055 desponsat
381 3972 446 4035 illas
459 3972 526 4036 lesu
541 3974 658 4039 Christo
673 3974 774 4036 dicens
788 3975 929 4054 siugulis:

307 4085 491 4180 Desponso
511 4095 545 4158 ιι
566 4083 646 4160 lesu
669 4082 817 4177 christo,
844 4085 914 4158 lilio
936 4088 1056 4161 summi
1078 4086 1202 4175 Patris,
1225 4086 1282 4179 qui
1302 4094 1338 4156 ιι
1359 4083 1517 4156 illaesum

207 4188 383 4262 custodiat.
432 4188 565 4285 Accipe
584 4211 670 4281 ergo
689 4191 850 4262 annulum
870 4188 960 4280 fidei,
983 4189 1196 4283 signaculum
1216 4186 1361 4283 Spiritus
1385 4184 1517 4273 Sancti,

205 4298 243 4379 ut
263 4311 389 4385 sponsu
410 4291 477 4362 Dei
499 4295 650 4381 voceris,
678 4293 708 4365 si
730 4294 763 4364 ιι
783 4291 929 4366 fideliter
950 4295 1114 4366 servieris
1133 4294 1169 4364 iu
1188 4301 1392 4388 perpetuum
1416 4306 1516 4359 coro-

206 4394 308 4465 neris.
345 4391 384 4463 ln
402 4397 538 4466 nomine
557 4392 709 4488 numnis
730 4404 764 4466 et
780 4394 902 4491 Fi†lii
922 4405 956 4467 et
975 4394 1120 4493 Spiritus
1134 4393 1166 4489 ι
1181 4391 1305 4467 Sancti.
1332 4397 1375 4483 lic
1392 4390 1513 4462 Amen.
1584 4451 1588 4458 .

308 4520 373 4595 Quo
387 4521 465 4583 factu
481 4521 583 4584 ambae
596 4523 681 4585 simul
696 4522 873 4602 genuflexae
887 4523 1043 4587 demutant
1055 4524 1267 4606 Antiphonem:
1281 4511 1351 4609 Ipsi
1363 4533 1439 4585 sum
1457 4509 1514 4580 (le-

206 4623 369 4710 sponsata
390 4617 447 4691 cui
465 4613 596 4712 Angeli
614 4619 784 4712 serviunt,
805 4619 901 4695 cuius
922 4618 1203 4717 pulchritudinem
1227 4615 1283 4693 sol
1304 4623 1339 4688 et
1355 4614 1440 4689 luna
1455 4614 1515 4692 mi·
