3210 5168
774 297 881 370 78·

336 408 571 544 nonnnus.
659 433 663 440 ’
967 460 1314 538 nnsnosmnns.

139 592 230 665 mine
249 585 410 680 munera,
430 613 519 687 queo
537 611 601 686 pro
623 589 703 661 Filii
722 592 770 660 tui
824 582 1354 660 venerabiliuuncAscensione
1374 582 1470 655 dele-

140 693 294 786 gloriosa
317 693 535 768 Ascensione
564 692 769 766 deferimus:
823 693 950 763 rimus:
976 698 1114 786 praesta
1136 708 1361 781 quaesumus,
1384 697 1470 758 utet

141 806 176 867 et
190 797 343 868 concede
361 799 551 893 propitius,
573 804 610 866 ut
632 817 651 865 a
672 816 771 893 prae·
823 815 964 887 nos-per
978 795 1089 889 ipsum
1102 789 1154 861 bis
1174 791 1400 862 commerciis
1415 811 1467 862 sa-

139 894 290 972 sentibus
303 898 467 996 periculis
481 896 668 970 liberemur
681 906 716 969 et
728 896 771 967 ad
824 898 1014 975 crossnctls
1031 892 1074 963 ad
1089 890 1254 966 coelestia
1269 912 1468 984 consurga-

137 1002 681 1097 vitamperveniamusaetemam.
704 997 772 1072 Per

138 1098 294 1180 cundem,
357 1118 360 1123 ’

188 1194 298 1278 XVII.
322 1207 533 1281 Orationibus
544 1210 688 1281 Secreb'c
697 1208 772 1303 fini

27 1354 28 1358 =
137 1315 461 1405 tisccmperceeerit
479 1312 773 1384 adcoaclocc‘onem

51 1488 54 1495 ,
138 1415 329 1487 macore
344 1417 439 1488 dicit:

190 1504 358 1591 Dominus
371 1518 562 1589 vobiscum.

189 1623 233 1712 132.
260 1617 306 1690 Et
320 1641 398 1692 cum
411 1621 533 1716 spiritu
545 1627 615 1690 tuo.

190 1720 336 1819 Sursum
353 1722 468 1795 corda.

189 1828 233 1915 Pp.
253 1823 427 1901 Hsbemus
441 1823 485 1896 ad
498 1823 689 1897 Dominum.

191 1924 327 2002 Gratias
347 1948 491 2020 agamus
519 1927 668 1999 Domino
696 1925 775 1996 Deo

17 2120 22 2131 χ
139 2035 272 2102 nostro.

190 2134 234 2223 ῆι.
258 2129 409 2222 Dignum
422 2130 595 2201 etinctum
610 2138 672 2202 est.

192 2283 367 2356 menan
392 2305 415 2354 a
437 2283 617 2355 Sacerdolc
635 2279 775 2353 >Prae-

140 2385 250 2457 fatio
267 2409 294 2459 e,
306 2405 337 2479 p.
352 2387 387 2455 in
399 2387 582 2458 Nclioilctc
592 2385 736 2457 Domini.

193 2536 288 2610 Vere
303 2537 441 2633 dignum
462 2545 496 2608 et
509 2534 633 2610 iustum
651 2545 703 2610 est
717 2557 774 2606 ae-

142 2660 245 2736 quum
260 2651 294 2713 et
307 2642 470 2740 salutare,
484 2661 550 2713 nos
563 2637 623 2710 tibi
637 2658 774 2733 semper

140 2753 176 2816 et
187 2745 313 2838 ubique
328 2747 455 2836 gratias
471 2765 597 2836 ageret
625 2742 773 2814 Domine

140 2845 384 2936 sancte,P,ater
395 2848 624 2940 omnipotens,
632 2853 773 2914 aeterne

140 2946 246 3035 Deus·
295 2943 382 3039 Quis
403 2968 467 3042 per
486 2946 653 3034 incarnati
673 2942 774 3016 verbi

140 3051 354 3146 mysterium,
377 3066 470 3120 nova
492 3049 614 3119 mentis
633 3056 772 3120 nostrae

141 3154 203 3223 lux
215 3159 295 3223 tuae
310 3151 473 3240 claritatis
480 3148 627 3224 infulsit:
642 3156 679 3221 ut
694 3150 772 3221 dum

140 3252 322 3327 visibiliter
363 3250 475 3323 Deum
517 3255 771 3345 cognoscimus,

141 3372 216 3453 per.
230 3360 317 3425 lunc
331 3357 366 3425 in
379 3353 598 3426 invisibilium
620 3373 771 3426 amorem

141 3460 323 3553 rapiamur.
360 3455 405 3529 Et
428 3457 509 3529 ideo
528 3479 605 3529 cum
617 3457 771 3550 :Angelis

143 3570 246 3654 atque
264 3559 509 3652 Archangelis,
532 3583 610 3631 curn
625 3560 771 3633 Thronis

143 3671 178 3733 et
192 3660 499 3751 Dominationibus,
520 3685 665 3758 cumque
681 3663 772 3734 omni

141 3765 259 3835 militia
279 3766 442 3839 coelestis
458 3768 655 3854 exercitus,
675 3765 772 3860 hym-

141 3889 223 3938 num
250 3867 386 3960 gloriae
411 3877 491 3941 tuae
517 3873 668 3942 canimus
696 3872 771 3941 sine

142 3969 400 4050 finedicentesr

825 1020 908 1071 mus.
937 997 1006 1069 Per
1020 996 1176 1066 eundem.

876 1517 1121 1605 Praefatio,
1148 1519 1286 1611 stapam
1309 1520 1416 1611 seriis
1435 1527 1465 1588 et

823 1631 920 1720 sectis
935 1625 1093 1718 propria,
1115 1621 1205 1691 ulica
1215 1621 1375 1692 Romano
1387 1623 1466 1691 riloi

825 1728 1012 1823 conformis.

879 2233 1054 2326 Praefatio
1066 2234 1107 2304 de
1120 2235 1302 2305 Notioitule
1317 2228 1461 2301 Ambra

826 2333 1460 2407 monacensemtccmldomcncsdcmca

828 2440 931 2509 aliam
943 2442 977 2508 in
989 2439 1181 2533 Epiphania
1193 2438 1330 2510 Domini
1337 2461 1348 2506 :

877 2539 972 2612 Vere
981 2541 1119 2633 dignum
1130 2551 1191 2611 etc.
1203 2550 1344 2610 aeterne
1352 2535 1457 2608 Deus.

828 2643 894 2729 Qui
919 2653 953 2713 te
973 2643 1072 2716 nobis
1091 2666 1196 2739 super
1224 2640 1382 2712 Iordanis
1411 2637 1459 2708 al-

825 2768 929 2819 veum
951 2746 993 2815 de
1013 2745 1121 2818 coelis
1147 2748 1183 2816 in
1202 2764 1293 2816 voce
1316 2741 1461 2812 tonitrui

823 2849 1036 2944 praebuisti,
1069 2856 1105 2917 ut
1135 2848 1345 2921 salvatorem
1366 2840 1461 2915 coeli

825 2952 947 3022 demon
972 2959 1093 3038 trares,
1113 2959 1150 3020 ut
1162 2959 1197 3020 te
1210 2956 1343 3044 patrem
1360 2946 1459 3017 lurni-

822 3057 875 3127 nis
916 3055 1049 3124 aeterni
1089 3053 1291 3125 ostenderes
1335 3049 1460 3120 coelos

824 3157 999 3254 aperuisti,
1015 3176 1131 3225 aerem
1144 3153 1365 3240 benedixisti,
1380 3149 1459 3222 fon-

822 3270 891 3330 tem
914 3256 1099 3354 purificasti
1122 3266 1156 3328 ct
1180 3266 1293 3327 tecum
1318 3257 1459 3324 unicum

822 3362 927 3432 filium
940 3383 1003 3456 per
1017 3362 1169 3454 speciem
1182 3357 1364 3430 columbae
1378 3376 1458 3429 san-

822 3462 1009 3558 ctoSpiritu
1018 3462 1208 3532 declarasti.
1218 3458 1459 3553 susceperunt

822 3566 925 3637 hodie
947 3564 1061 3635 fontes
1074 3563 1349 3635 benedictionem
1362 3570 1458 3631 tuam

823 3679 856 3739 et
871 3668 1083 3741 abstulerunt
1103 3665 1380 3737 maledictionem
1393 3684 1458 3735 no-

821 3782 939 3859 stram,
953 3774 999 3840 ita
1012 3779 1050 3840 ut
1065 3768 1283 3840 credentibus
1296 3764 1458 3862 purifica-

820 3877 948 3944 tionem
973 3875 1122 3942 omnium
1140 3871 1344 3942 delictorum
1358 3867 1459 3939 exhi-

819 3975 923 4046 beant
936 3984 970 4045 et
984 3973 1060 4045 Deo
1075 3973 1162 4045 lilios
1182 3971 1382 4066 generando
1397 3969 1458 4042 ad-

822 4079 939 4172 optive
953 4076 1078 4147 faciant
1093 4076 1135 4147 ad
1149 4079 1255 4147 vitam
1269 4083 1456 4146 aeternam.

820 4178 907 4250 Nam
928 4200 1014 4274 quos
1036 4177 1078 4249 ad
1096 4179 1322 4273 temporalem
1347 4179 1457 4248 vitam

734 4347 740 4351 .
821 4283 968 4354 carnalis
993 4285 1153 4354 nativitas
1179 4280 1332 4367 fuderat,
1366 4300 1456 4373 quos

820 4406 912 4458 mors
927 4407 989 4479 per
1004 4385 1336 4481 praevaricationem
1351 4403 1458 4476 cepe-

819 4497 885 4576 rat,
907 4488 970 4558 hos
984 4490 1056 4558 vita
1072 4495 1211 4555 aeterna
1225 4486 1397 4578 recipiens
1412 4483 1458 4554 ad

773 4648 775 4653 ,
819 4592 919 4682 regni
934 4594 938 4601 '
953 4590 1131 4663 coelorum
1165 4586 1311 4678 gloriam
1350 4607 1459 4661 revo-
