3202 5176
850 325 924 398 322

328 527 394 590 Non
407 525 590 587 ministretur
605 523 692 584 etiam
710 519 856 602 proelium
869 521 998 597 inituris,
1011 526 1061 579 aut
1075 517 1294 595 nauigationem
1308 523 1358 577 aut
1371 514 1545 594 peregriua·

147 615 149 619 ⁷
226 631 336 692 tionem
350 637 400 688 aut
419 627 476 710 ulia
493 625 627 706 pericula
646 623 787 685 subituris
807 632 856 684 ant
879 625 940 684 reis
953 622 1056 683 ultimo
1070 619 1218 700 supplicio
1232 637 1303 682 mox
1316 616 1484 680 adliciendis
1497 624 1546 678 aut

226 732 326 811 pueris
345 731 467 790 rationis
481 747 564 788 usum
580 745 640 788 nou
654 724 841 787 habentibus.
851 710 883 800 ¹)

332 862 376 872 —
395 861 441 873 -
462 814 499 892 ιιι
518 829 620 890 eadem
638 827 809 889 infirmitate
831 826 890 888 boo
908 826 1129 886 Sacramentum
1149 823 1249 884 iterari
1272 839 1333 883 nou
1358 818 1469 898 debet,
1491 820 1545 883 nisi

226 931 362 994 diuturna
379 933 428 1010 sit,
445 940 493 1009 ιιι,
512 950 576 992 cum
590 930 724 991 infirmus
741 928 936 1005 convaluerit,
950 928 1056 989 iterum
1071 927 1101 988 in
1116 924 1281 1006 periculum
1295 923 1399 986 mortis
1412 923 1526 985 incidit.

329 1034 467 1113 Quinque
480 1048 553 1094 vero
570 1033 706 1111 corporis
720 1040 820 1110 partes
834 1031 995 1110 praecipue
1010 1029 1082 1106 uugi
1092 1027 1213 1105 debent,
1224 1025 1544 1112 quasvelutisenseuu

142 1172 147 1179 -
225 1138 419 1197 instrumenta
433 1135 543 1195 bomini
560 1143 663 1194 natura
679 1132 796 1204 tribuit;
811 1151 919 1212 nempe
933 1131 1012 1193 ouuti
1021 1175 1030 1208 ,
1049 1147 1147 1206 auree,
1163 1146 1262 1205 nares,
1277 1145 1312 1190 os
1325 1137 1357 1189 et
1369 1144 1491 1189 manus:
1505 1136 1544 1188 at

222 1247 323 1302 ,ιιιιιιειι
336 1237 430 1316 pedes
444 1237 531 1298 etiam
546 1245 576 1296 ει
594 1254 683 1297 ιειεε
698 1234 830 1313 ungendi
843 1242 925 1295 eunt:
943 1233 996 1295 sed
1011 1250 1113 1293 renum
1126 1233 1226 1292 unctio
1240 1233 1269 1292 iu
1284 1227 1477 1309 mulieribus,
1495 1229 1543 1291 bu·
1582 1311 1585 1317 Ι

226 1339 350 1400 uastatis
371 1339 467 1414 gratia
490 1355 608 1418 semper
627 1338 785 1406 omittitur;
806 1343 894 1417 atque
914 1338 1001 1398 etiam
1023 1336 1052 1395 ιιι
1071 1335 1160 1411 ιιιιε,
1186 1332 1302 1414 quaudo
1316 1332 1454 1394 lutirmue
1469 1349 1543 1393 eom·

227 1439 314 1501 mode
335 1439 449 1500 moveri
474 1458 534 1500 nou
558 1447 670 1519 potest.
707 1437 812 1498 Sed
787 1456 852 1499 euve
872 1441 902 1500 in
923 1437 1093 1499 mulieribus
1113 1438 1177 1497 eive
1203 1437 1231 1496 iu
1247 1435 1319 1497 viris
1334 1434 1393 1496 alia
1408 1434 1543 1514 corporis

226 1559 296 1621 pars
309 1558 365 1622 pro
380 1540 501 1601 renibus
517 1541 589 1619 ungi
604 1559 664 1600 nou
679 1538 776 1602 debet.
788 1527 824 1628 ²)

328 1641 431 1704 Manus
451 1660 544 1720 vero,
565 1660 641 1723 quac
661 1641 783 1722 reliquis
803 1642 926 1703 intirmis
939 1642 1063 1702 interius
1076 1641 1148 1716 uugi
1167 1637 1277 1701 debent
1289 1634 1482 1713 Presbyteris
1496 1655 1543 1699 ex·

227 1745 489 1821 teriusunguntur.
499 1731 533 1831 ³)

335 1876 373 1888 —
397 1847 429 1907 Si
451 1848 516 1927 quis
537 1847 576 1906 sit
599 1844 696 1925 aliqua
709 1845 841 1909 membro
859 1844 1024 1922 mutilatus,
1046 1860 1115 1922 pars
1130 1841 1199 1903 loco
1212 1841 1257 1904 illi
1271 1841 1410 1922 proxima
1423 1839 1542 1920 iuunga-

226 1957 291 2025 tur,
307 1947 410 2010 eadem
424 1948 583 2010 verborum
596 1934 745 2034 formast)
824 2015 832 2020 ,

328 2048 420 2110 Huius
440 2059 537 2111 autem
551 2049 733 2110 Sacrameuti
754 2048 850 2109 forma
873 2066 930 2128 qua
943 2047 1049 2107 Sancta
1067 2044 1198 2127 Romana
1217 2044 1348 2109 ecclesia
1367 2046 1462 2107 utitur
1479 2044 1541 2115 ,sol-

227 2149 332 2210 lemnis
353 2150 403 2210 itta
417 2152 549 2230 precatio
565 2159 640 2233 est,
654 2168 739 2229 quam
754 2147 901 2210 Sacerdos
916 2148 952 2209 ad
965 2147 1099 2224 singulas
1114 2151 1254 2210 unctione
1268 2145 1392 2210 adbibet
1410 2147 1479 2209 dum
1490 2147 1541 2208 ait:

227 2241 295 2314 Per
327 2244 426 2315 istam
459 2253 611 2316 sanctam
632 2242 838 2314 Unctiouem
865 2251 901 2331 et
931 2264 1028 2316 suam
1050 2243 1235 2336 piissimam
1257 2240 1539 2329 misericordiam,

225 2342 403 2436 indulgeat
423 2343 483 2416 tibi
505 2344 672 2420 Dominus
699 2343 860 2441 quicquid
878 2366 941 2440 per
963 2346 1094 2434 visum,
1121 2347 1197 2419 sive
1219 2366 1283 2440 per
1303 2343 1457 2416 auditum
1479 2351 1538 2415 etc.

168 2537 171 2544 ¹
227 2445 407 2541 deliquisti.
416 2442 452 2543 4)

225 2671 229 2676 ·
286 2645 316 2723 l)
331 2648 424 2720 Neque
437 2646 466 2703 in
479 2646 522 2704 bis
534 2649 707 2708 consentiunt
718 2665 822 2721 omues,
837 2647 882 2722 qui
895 2647 1001 2705 Rituate
1016 2647 1216 2705 commentariis
1227 2635 1417 2706 illustrarunt*
1431 2645 1466 2705 Et
1476 2663 1540 2705 saue

221 2731 313 2788 miuus
324 2732 470 2788 christiana
485 2733 593 2790 videtur
604 2731 788 2792 istu'cauteia.
812 2734 929 2806 Agenda
939 2735 1053 2790 ιιοιιιιει.
1069 2732 1145 2791 1712.
1168 2735 1237 2789 Puer
1247 2733 1400 2806 septennis,
1411 2733 1435 2790 si
1445 2732 1540 2791 satta-

225 2815 344 2872 ctionem
362 2815 487 2887 petierit,
505 2817 587 2875 debet
603 2819 707 2890 inungi.
735 2819 886 2875 Cnm'enim
897 2835 986 2890 capax
997 2817 1034 2874 ειι
1047 2818 1251 2890 poeniteutiae,
1272 2826 1349 2875 uerte
1362 2818 1444 2875 etiam
1457 2833 1540 2891 capax

222 2899 279 2954 erit
299 2898 377 2954 buius
393 2899 569 2956 Sacramenti.
584 2931 627 2946 ·-
638 2933 679 2944 -
702 2901 852 2959 Confessus
872 2902 901 2958 iu
919 2903 1030 2972 duello,
1048 2902 1071 2958 si
1093 2903 1257 2976 aliquantum
1272 2902 1432 2976 supervivat
1443 2902 1540 2976 detque

106 3004 110 3012 ι
221 2981 305 3053 ‘sigua
321 2981 426 3038 doloris
433 2983 605 3054 ,praemissa
620 2985 794 3042 absolutione
809 2987 843 3042 ab
858 2986 1146 3059 excommunicatione,
1163 2987 1333 3060 inungendus
1347 2995 1391 3046 εει
1407 2988 1540 3058 absolute,

226 3065 410 3122 conditionate
421 3075 521 3138 autem,
533 3067 556 3124 si
569 3069 690 3126 exterius
701 3071 802 3126 baeo'
780 3087 859 3141 signa
870 3088 925 3128 nou
937 3071 1009 3141 edat,
1020 3072 1121 3130 tamdiu
1130 3080 1218 3128 autem
1229 3073 1397 3146 supervivat,
1407 3079 1437 3128 ιιι
1445 3072 1540 3129 dolere

225 3153 321 3223 possit.
338 3181 380 3193 -
397 3183 435 3192 -
451 3153 584 3225 Tempore
598 3154 755 3211 interdicti'
747 3173 775 3211 ιιι
788 3155 896 3213 casibus
908 3155 1054 3212 ordinariis
1065 3158 1158 3230 nequit
1169 3140 1229 3214 deri
1239 3158 1366 3216 Extrema
1374 3156 1492 3214 Unetro
1507 3155 1540 3213 ad

223 3250 317 3290 casnm
330 3242 420 3290 ιιιιιιειι
432 3237 603 3295 necessitatis
614 3239 713 3294 lutirmi
728 3240 797 3296 baec
811 3239 962 3312 probibitio
976 3257 1007 3297 se
1018 3257 1073 3296 uon
1090 3242 1223 3299 extendit.

283 3313 314 3392 2)
336 3318 436 3374 Nunc'
428 3336 470 3375 ιιι
477 3321 545 3377 ιιιιε
560 3339 668 3395 qnoque
682 3325 831 3380 lumborum
846 3325 939 3382 unctio
953 3327 1012 3380 iere
1025 3341 1133 3398 semper
1148 3325 1290 3382 omittitur.
1316 3325 1457 3383 Caeterum
1470 3332 1540 3382 cou-
1547 3375 1555 3384 ,

224 3401 300 3459 venit
310 3402 382 3459 iuter
393 3405 540 3476 Doctores,
553 3407 626 3479 qnod
640 3407 732 3464 unctio
746 3409 844 3480 pedum
860 3415 888 3464 et
902 3425 1062 3470 reuummou
1078 3411 1114 3466 sit
1125 3409 1289 3470 essentialis.

245 3492 248 3499 '
283 3484 314 3563 8)
330 3487 397 3554 Quia
410 3489 575 3548 Sacerdotes
590 3493 617 3548 in
627 3493 717 3564 palma
729 3510 852 3550 mannum
862 3494 936 3550 uncti
947 3500 1010 3550 suut
1021 3493 1055 3549 ab
1066 3494 1205 3567 Episcopo
1218 3495 1245 3551 in
1257 3493 1430 3552 ordinatione
1441 3493 1539 3551 Sacer·

178 3623 200 3636 ‚2
225 3569 303 3626 dotii.
318 3571 355 3627 At
367 3588 435 3628 vero
448 3590 464 3630 a
476 3574 565 3632 multis
578 3577 739 3634 iinbricistis
749 3579 803 3634 boc
815 3586 1002 3649 argumentum
1014 3579 1120 3636 ducitur
1131 3596 1237 3649 vanum,
1249 3580 1321 3635 adeo
1331 3580 1479 3648 insulsum
1492 3595 1539 3634 ιιε·

223 3670 276 3750 qne
289 3655 433 3713 immerito.
460 3658 520 3715 Nou
535 3667 657 3717 nostrum
671 3668 725 3730 est,
740 3663 852 3719 naenias
868 3663 935 3720 istus
949 3670 1045 3720 contra
1059 3664 1244 3722 Hierarcbiam
1256 3666 1392 3721 Romanae
1406 3662 1539 3720 ecclesiae

219 3737 251 3796 iu
263 3739 350 3796 triviis
362 3740 520 3800 decantatus
531 3760 694 3816 recoquere,
705 3745 755 3802 sed
767 3747 853 3804 miuus
864 3748 974 3819 piacent
985 3749 1119 3806 eiusmodi
1130 3750 1219 3821 leges,
1226 3749 1363 3823 quaesiue
1370 3747 1539 3805 dubitatiuue

222 3822 323 3879 facile
316 3840 343 3879 ιιι
354 3826 450 3881 malam
461 3834 566 3900 partem
580 3829 668 3901 accipi
683 3839 799 3902 possunt
810 3840 838 3888 et
848 3832 1026 3903 accipiuntur.

284 3905 441 3982 boatu
419 3928 443 3966 ει
463 3912 600 3968 abundent
617 3913 742 3970 sensibus
763 3916 789 3974 h
809 3933 835 3971 e
852 3916 971 3972 babeant
991 3924 1048 3973 tres
1068 3934 1160 3973 manus
1181 3923 1239 3974 tres
1253 3917 1297 3974 vel
1310 3925 1429 3989 quatuor
1443 3916 1538 4015 pedes

222 3990 274 4047 ιιι
266 4007 294 4047 ιιι
310 3994 439 4051 monstris
456 3996 624 4067 potissimum
636 3996 737 4054 daturi
763 4000 923 4070 ngeudum
942 4009 985 4057 est
998 4003 1143 4058 membrum
1155 4003 1238 4075 iliud,
1257 4017 1310 4074 quo
1322 4002 1411 4072 magis
1428 4002 1487 4058 sani
1499 4000 1539 4057 usi

221 4081 297 4145 suut,
288 4078 453 4236 ,veissqqod
470 4081 558 4152 magis
577 4082 606 4137 in
625 4084 740 4139 naturali
759 4086 975 4159 partecorporis
992 4087 1155 4143 collocatum
1167 4095 1218 4144 est.
1248 4088 1319 4144 Haec
1334 4086 1540 4143 statuitdocto·
1550 4085 1552 4089 ’

221 4175 278 4214 rum
293 4181 361 4234 ιικρι
386 4183 431 4220 uuor

285 4241 314 4315 5)
338 4246 447 4303 Tradita
466 4256 510 4306 est
527 4266 542 4305 a
560 4248 686 4308 Concilio
703 4253 900 4311 Florentinum
912 4256 1022 4310 Decret.
1037 4221 1142 4325 Ειιςειι.
1162 4261 1191 4310 ει
1205 4273 1220 4312 a
1235 4228 1355 4312 'irident
1369 4271 1445 4312 ειιεε.-
1455 4255 1490 4308 14
1504 4254 1539 4311 de

221 4322 296 4379 lixtr
308 4327 424 4392 Uncto
438 4332 457 4392 Ι.
469 4334 577 4404 Agsud.
593 4336 708 4394 Monast.
720 4337 798 4398 itta.
824 4339 853 4395 Si
865 4339 1149 4395 omitterentnrverba
1165 4357 1260 4396 suam
1274 4339 1471 4414 piissimam
1486 4338 1540 4395 mi-

220 4407 460 4472 sericordiam
480 4419 643 4476 redderetur
654 4423 855 4478 Sacramentum
874 4423 991 4479 dubium.
1031 4422 1162 4495 Displicet
1177 4425 1291 4481 iormuia
1308 4423 1457 4481 Steuseuiu
1471 4424 1540 4500 (tia-

219 4492 287 4550 tboi.
304 4498 462 4561 ιιιίοιεει
482 4504 508 4555 ι.
529 4502 678 4576 p.508)„
682 4505 729 4561 Bei
747 4504 797 4562 der
816 4506 1035 4578 temtequtung
1050 4507 1131 4564 ιειεε
1145 4511 1302 4580 unstoesig,
1324 4507 1542 4565 dussdieForm

220 4576 354 4638 ducebam
367 4583 490 4641 betcud
483 4594 528 4658 ιει,
542 4587 658 4644 denuda
674 4588 723 4645 das
736 4590 895 4648 Sacrameut
905 4591 950 4648 die
961 4592 1054 4650 Gnade
1067 4591 1141 4648 uicbt
1152 4592 1214 4651 blus
1228 4594 1406 4664 bezeichnen,
1417 4593 1542 4651 soudmu
