3202 5176
745 352 834 435 ,189

121 542 468 638 'unterdeuiileuhigeu
481 543 533 607 der
548 554 647 607 ersten
657 544 724 607 Zeit
736 564 807 608 aar.
831 545 918 608 Olane
933 542 1058 607 Zaeilel
1072 544 1180 607 erhlelt
1191 541 1450 625 derNeug'etaulte

137 647 195 709 deu
216 657 318 710 ersten
330 646 547 710 Friedetrshuss
560 667 621 711 von
635 648 701 710 dem
722 648 883 712 taulendeu
903 648 1053 726 Priester,
1075 647 1151 709 daun
1166 648 1238 709 aber
1256 648 1329 709 auch
1344 657 1451 730 spatas

136 748 186 810 bel
204 749 258 812 der
276 749 409 828 hiturgie
432 768 491 812 von
514 751 571 812 deu
599 746 726 831 itlrrigen
753 751 919 828 Glauhigen
963 747 1221 827 chrysostomus
1212 767 1242 811 m
1264 749 1320 811 der
1341 747 1456 812 sussen·

136 850 232 931 Reda,
242 870 291 913 wo
306 871 340 913 er
353 852 401 914 die
412 853 572 929 geistliehe
583 853 817 934 Wiedergeburt
829 856 882 916 mit
893 847 946 915 der
959 852 1144 915 uatitrlichen
1157 852 1337 966 vergleicht,
1349 852 1453 914 dentet

115 1014 121 1023 ,
138 954 190 1015 ani
201 953 304 1016 diesen
320 954 475 1017 (lebrauch
491 955 550 1016 hin.
553 951 576 986 “

239 1051 270 1118 4
305 1057 394 1118 Sacra
413 1056 596 1119 Eucharistia
620 1058 830 1139 antiquissimis
850 1036 1035 1139 temporihns
1049 1077 1066 1119 a
1082 1053 1306 1118 catechumenis
1332 1054 1451 1136 adultis,

138 1167 244 1238 postea
262 1159 298 1221 ah
314 1160 473 1221 inlantihus
497 1179 615 1241 quoque
636 1163 774 1241 proxime
793 1171 862 1242 post
881 1160 1055 1242 baptismum
1070 1169 1200 1239 sumpta,
1221 1159 1262 1219 nti
1290 1157 1450 1219 adhucdum
1529 1240 1533 1251 Ι

139 1264 307 1347 commuuio
328 1262 470 1324 inlautum
488 1262 602 1324 obticet
622 1265 652 1324 in
667 1263 958 1326 ecelesia'orientali.
995 1262 1078 1329 Haud
1099 1260 1355 1321 lacileinreoitur
1376 1259 1453 1319 llher

139 1363 251 1423 ritualis
267 1365 355 1426 medii
369 1366 453 1443 aevi,
477 1366 525 1444 qui
540 1358 776 1428 communionem
798 1367 946 1446 baptismo
967 1365 1130 1426 adiunctam
1151 1381 1212 1425 nou
1230 1368 1451 1439 commemoret,

139 1465 226 1533 immo
241 1466 427 1527 commendet
442 1475 530 1546 atque
544 1468 717 1548 praecipiat
746 1468 821 1530 Illud
837 1478 933 1530 autem
948 1466 1163 1549 providendum
1183 1464 1301 1527 ridetur
1314 1465 1451 1543 vetustis,

139 1584 177 1627 ne
197 1578 353 1648 postquam
367 1567 506 1657 baptizati
522 1569 633 1631 luerint
653 1570 767 1650 parvuli
790 1570 879 1631 ullum
903 1570 999 1630 eihum
1018 1570 1174 1648 accipiant,
1194 1584 1292 1646 neque
1305 1566 1453 1627 laetentur

138 1669 203 1729 siue
218 1688 328 1730 summa
343 1671 524 1731 necessitate
533 1678 722 1751 ,autequam
738 1672 953 1732 communicent
967 1671 1158 1730 Sacramenta
1179 1669 1315 1748 corporis
1331 1666 1451 1728 Christi

139 1769 268 1832 Omnino
283 1755 393 1833 tuntum
413 1772 532 1852 aberat,
556 1782 588 1834 ut
602 1772 677 1834 hanc
697 1772 838 1835 inlautum
859 1773 1095 1868 communionem
1114 1771 1143 1829 ih
1162 1768 1282 1854 dubium
1296 1777 1453 1845 uocarent,

95 1858 103 1877 ⁴
139 1882 249 1934 utnon
270 1874 513 1957 cousuetudinem
536 1874 713 1965 laudabilem
733 1876 787 1937 sed
808 1877 895 1937 ritum
917 1874 1115 1936 necessarium
1137 1871 1339 1952 appellarent,
1358 1880 1389 1933 ut
1408 1879 1453 1933 est

139 1973 218 2055 apud
233 1974 457 2057 'l'heodulphum
470 1976 506 2038 de
520 1977 657 2059 baptism.
672 1997 698 2041 c.
714 1974 754 2038 le
769 1977 916 2040 sirmond.
931 1977 1014 2038 Tum.
1028 1974 1064 2036 ll.
1078 1974 1131 2037 iol.
1146 1970 1220 2050 696,
1246 1972 1286 2034 ht
1300 1990 1373 2034 vero
1388 1981 1452 2034 tae·

139 2076 207 2138 culo
221 2064 336 2139 decimo
352 2090 456 2160 quarto
468 2088 498 2141 et
511 2082 613 2161 quinto
627 2080 755 2142 hinnitus
765 2081 795 2141 in
806 2074 1030 2142 desueludinem
1045 2076 1127 2138 ahira
1144 2077 1255 2157 eoepit.
1284 2074 1452 2141 thoncil.

139 2178 269 2242 Trideut.
280 2180 598 2247 Cau.lV.Ses's.XXl.:
619 2184 651 2244 Si
667 2162 732 2264 qais
741 2183 861 2261 dixerit,
870 2183 1002 2263 parvulis
1017 2188 1171 2261 antequam
1188 2179 1224 2239 ad
1237 2196 1331 2240 anuos
1343 2177 1452 2238 disere·

139 2266 230 2345 tiouid
250 2274 445 2363 pervenerint
462 2264 659 2347 necessariam
673 2303 742 2346 esse
755 2278 960 2347 Eucharistiae
978 2283 1215 2344 communionem
1232 2271 1386 2341 anathema
1404 2281 1452 2339 sit.

243 2380 273 2445 5.
300 2385 420 2446 humina
439 2385 600 2465 neophytis
619 2389 649 2447 iu
667 2405 769 2448 manus
787 2387 854 2449 data
873 2388 929 2448 iam
953 2391 1184 2447 commemorant
1203 2380 1332 2459 cyrillus
1348 2374 1452 2444 Hiero·

139 2485 334 2562 solymitanus
349 2506 383 2548 ao
401 2482 564 2564 Gregorius
584 2486 795 2550 Nazianzenus.
828 2488 861 2551 ld
882 2489 1055 2549 factumest
1075 2486 1105 2544 iu
1128 2484 1305 2545 occidentali
1327 2483 1453 2544 ecclesia

138 2586 277 2650 sollemni
290 2587 340 2649 illa
355 2589 491 2666 formula,
507 2607 591 2669 quam
604 2608 683 2651 nune
698 2576 828 2651 Romana
843 2589 970 2650 ecclesia
984 2595 1082 2677 tenet:
1105 2575 1239 2669 Accipe
1260 2575 1451 2670 lampadem

116 2681 315 2753 ardentem
344 2681 707 2779 irreprehensibilem
736 2683 870 2757 custodi
890 2680 1095 2777 baptismum
1120 2686 1233 2768 tuum,
1261 2672 1367 2751 serva
1386 2676 1454 2748 Dei

138 2783 315 2903 mandata,
342 2796 395 2875 ut,
423 2806 501 2855 oum
518 2784 686 2860 Dominus
713 2788 849 2859 venerit
876 2784 926 2856 ad
945 2783 1098 2877 nuptias,
1125 2782 1240 2876 possis
1266 2801 1453 2852 occurrere

140 2887 175 2969 ei
204 2907 272 2956 una
302 2910 379 2959 oum
411 2887 569 2986 omnihus
601 2890 729 2962 sanctis
763 2889 799 2958 in
830 2860 908 2958 aula
941 2883 1087 2958 coelesti
1116 2878 1313 3003 habeasque
1348 2885 1478 2953 uitam·

140 2997 314 3059 aeternam
336 2998 371 3061 et
390 2992 490 3063 vivas
516 2992 552 3059 in
577 2990 718 3064 saecula
740 2992 968 3064 saeculorum
1024 2984 1159 3058 Vade
1150 3007 1185 3055 ιιι
1210 3005 1297 3079 pace
1324 2992 1358 3055 et
1383 2983 1454 3054 Do

140 3092 249 3164 miuus
268 3095 311 3164 sit
334 3102 456 3163 tecum.
510 3090 633 3193 Amen.

188 3201 365 3282 Legitur
378 3203 428 3265 illa
442 3203 590 3266 lormula
581 3223 611 3264 ru
627 3201 739 3267 Codice
751 3166 906 3266 liuratorii
919 3194 1122 3278 hlutir'reusi,
1114 3218 1143 3259 m
1160 3195 1303 3279 opusculo
1323 3193 1454 3255 Gualteri

139 3302 222 3381 Ruys
237 3305 274 3367 de
288 3306 394 3369 Gravia
409 3300 520 3386 (μηδ
537 3305 561 3382 )‚
576 3308 606 3366 in
621 3307 753 3387 plurimis
770 3306 934 3386 Ritualjhns
948 3303 1036 3365 medii
1051 3302 1127 3362 aevi.
1156 3299 1319 3387 Memorato
1334 3296 1453 3374 dignum
1524 3298 1530 3309 '

140 3414 203 3482 est,
220 3408 293 3467 haue
307 3390 447 3468 candelae
471 3410 676 3470 caerimoniam
698 3408 818 3471 silentio
842 3405 1037 3489 praetermitti
1051 3405 1082 3462 in
1098 3401 1222 3479 Agenda
1237 3392 1346 3461 Uridlis
1366 3407 1454 3479 atque

139 3498 261 3569 omnino
277 3511 305 3569 iu
320 3509 486 3569 Rituulihus
500 3499 683 3586 dloguutinis
697 3510 808 3570 saeculi
824 3508 930 3570 decimi
944 3506 1021 3566 sexti
1038 3513 1078 3564 et·
1081 3503 1208 3583 septimi.
1262 3506 1268 3517 ‘

115 3635 121 3649 ·
177 3609 443 3674 .li'Denarius
465 3609 549 3687 datus
570 3611 689 3672 noviter
708 3607 982 3692 baptizatishlatth.
995 3602 1049 3685 25,
1050 3598 1114 3723 14.
1137 3604 1207 3668 Luc.
1224 3599 1274 3682 19,
1289 3597 1339 3663 la.
1372 3600 1454 3663 Zeno

139 3711 253 3776 Veron.
267 3712 299 3774 h.
317 3712 353 3775 11.
373 3722 459 3776 tract
473 3702 538 3789 45]
777 3712 786 3731 ⁴
1015 3734 1022 3746 ·
1489 3731 1495 3741 ·

707 3851 737 3857 --
741 3850 828 3857 ------
830 3849 914 3857 ,-

139 3996 205 4073 tv.
243 4001 369 4073 onoc
390 3944 949 4117 annuusmunnvuuouun
974 3996 1005 4068 a
1028 3993 1218 4073 muudus
1244 3984 1454 4074 somno,

144 4197 155 4217 .
265 4118 547 4234 comparatus
588 4163 680 4211 oum
719 4138 890 4211 Rituuli
927 4128 1188 4254 l'revirensi
1228 4147 1348 4227 auno·
1481 4194 1486 4203 ,

566 4254 877 4331 mueeexxxvt
899 4254 1027 4363 edito.

139 4457 142 4461 .
223 4356 281 4453 ’Ν.
297 4332 391 4476 .quid
416 4382 505 4477 petis
532 4380 574 4452 ah
597 4380 747 4455 ecclesia
769 4378 868 4452 Dei?

148 4484 157 4501 ⁹
241 4492 376 4556 Patricos
390 4492 568 4573 respondet:
589 4482 719 4555 Fidem.

242 4597 404 4667 Sacerdos:
429 4586 534 4661 Fides
561 4587 640 4680 quid
659 4585 728 4695 tihi
749 4583 926 4682 praestat?
