3202 5176
757 341 833 415 408

210 530 387 615 Sequitur
410 532 577 597 immediate
595 532 781 618 Antiphone·
808 522 1034 621 Fulgentiids
1056 523 1179 624 palmis
1201 526 1448 639 prosternimus

144 573 340 699 advenienti
359 627 516 699 Domino.
560 627 648 700 Huic
676 648 795 702 omnes
822 650 1041 704 accurramus
1063 652 1141 702 oum
1161 630 1295 727 hymnis
1314 639 1351 703 ct
1368 651 1452 702 can

142 730 220 802 ticis
243 729 473 822 glorificantes
499 739 533 803 et
558 730 730 820 dicentes,
757 731 965 806 Benedictus
989 733 1166 808 Dominus

133 834 137 851 ”
245 829 437 905 Occurrunt
457 832 581 909 turbae
600 856 677 906 com
702 830 842 909 [loribus
864 858 897 932 p
926 838 1012 908 399.

238 931 442 1031 Coeperunt
470 957 588 1011 omnes
619 936 739 1009 turbae
774 937 1051 1012 descendentium
1084 936 1274 1030 gaudentes
1305 935 1449 1009 laudare

141 1034 251 1108 Deum
271 1058 362 1110 voce
384 1060 520 1133 magna,
546 1062 649 1138 super
670 1039 825 1115 omnihus
848 1063 931 1137 quas
951 1028 1108 1113 viderant
1130 1038 1311 1114 virtutibus
1333 1039 1450 1111 dicon·

140 1148 211 1213 test
230 1138 447 1213 Benedictus
475 1145 531 1236 qni
550 1145 647 1214 vonit
670 1164 738 1215 rex
763 1146 797 1215 in
819 1147 954 1216 nomine
974 1141 1140 1234 Domini,
1145 1163 1216 1238 pax
1235 1144 1272 1214 in
1291 1142 1395 1215 coelo
1412 1146 1449 1213 et

141 1241 288 1335 gloria
278 1263 313 1314 m
335 1244 500 1317 excelsis.
1493 1333 1496 1345 ,

242 1343 346 1417 Pueri
377 1345 613 1421 Hebraeorum
644 1355 819 1443 portantes
844 1358 909 1421 etc.
956 1348 1061 1423 Pueri
1083 1347 1321 1422 Hebraeorum
1342 1345 1452 1419 vesti·

139 1455 253 1519 menta
274 1457 338 1519 etc.
364 1471 396 1544 p
419 1449 503 1520 398.
1503 1536 1507 1543 ι

242 1557 314 1620 Ροιι
344 1558 418 1620 haec
444 1556 640 1637 geniculando
670 1577 785 1621 omnem
810 1550 926 1622 reniam
950 1570 1061 1642 petant.
1102 1560 1140 1622 Et
1158 1560 1305 1624 Sacerdos
1327 1558 1452 1640 incipiat
1539 1585 1542 1594 ·

141 1659 278 1737 dymnum
304 1669 496 1742 sequentem,
522 1662 605 1722 cuius
633 1662 773 1779 primos
769 1678 873 1724 venus
900 1662 946 1726 itis
973 1664 1087 1725 canitur
1113 1651 1142 1724 0
1165 1675 1253 1725 crux
1278 1674 1351 1724 ave
1368 1671 1451 1748 spes

140 1754 240 1824 unica
260 1760 371 1824 etc.-
427 1804 433 1821 .

243 1864 294 1927 llis
316 1865 355 1926 ita
375 1866 503 1946 peractis
518 1865 665 1927 Sacerdos
685 1873 854 1957 prosternat
874 1885 908 1927 se
922 1874 989 1928 ante
1005 1883 1130 1928 crucem.
1171 1863 1369 1925 ermacorae
1384 1879 1450 1923 eum

140 1965 243 2049 palma
256 1967 424 2048 percutiens
443 1978 640 2049 prostratam,
668 1977 768 2031 cantet
788 1968 864 2029 trina
885 1969 952 2030 vice
965 1962 1198 2051 dntiplannim:
1194 1954 1375 2054 Scriptum
1397 1964 1452 2029 est

140 2062 248 2152 enlm,
265 2063 480 2163 percutiam
491 2058 662 2159 pastorem
689 2073 723 2135 et
750 2060 989 2159 dispergentur
1016 2083 1102 2134 oves
1126 2060 1261 2154 gregis.
1285 2066 1454 2157 Sacerdos

140 2168 338 2252 geniculando
361 2192 395 2234 ae
416 2172 536 2236 elevans
562 2173 758 2256 respondeat:
787 2162 971 2260 Poslquam
1001 2176 1114 2237 autem
1141 2184 1329 2238 surrexero
1350 2182 1452 2257 prae-

141 2263 259 2336 cedam
284 2287 351 2340 vos
376 2270 411 2338 in
431 2263 627 2340 Galilaeam.
672 2275 788 2339 odorra
807 2277 937 2359 complet
958 2266 1010 2340 Ibi
1029 2289 1085 2339 me
1102 2264 1263 2339 uidebitis
1285 2263 1365 2335 dicit
1377 2261 1460 2334 Do-·

139 2369 262 2440 minus

144 2482 151 2533 .’
242 2363 357 2541 Deinde
370 2486 474 2556 surget
488 2478 634 2541 Sacerdos
648 2479 771 2551 dicsna;
790 2468 845 2541 De
866 2489 928 2542 ore
950 2468 1062 2543 leonis
1082 2466 1193 2540 libera
1213 2488 1268 2539 me
1290 2466 1455 2543 Domine..

138 2576 182 2666 lit.
205 2571 249 2645 Et
272 2594 291 2646 a
317 2570 479 2644 cornibus
501 2575 715 2645 unicornium
733 2572 953 2645 humilitatem
974 2592 1094 2644 meam.

240 2674 392 2771 Respice
412 2673 559 2759 Domine
579 2674 740 2748 familiam
765 2685 870 2765 tuam,
898 2685 932 2747 et
956 2683 1107 2771 praesta,
1128 2681 1166 2745 ut
1187 2670 1277 2767 apud
1299 2680 1334 2743 te
1353 2689 1452 2744 mens

137 2788 255 2853 nostra
287 2787 347 2850 tuo
381 2777 552 2852 desiderio
582 2777 732 2872 fulgeat,
765 2798 854 2917 quae
887 2799 927 2853 se
954 2779 1066 2850 carnis
1090 2776 1324 2847 maceratione
1349 2774 1456 2847 casti.

138 2890 206 2976 gai
258 2880 335 2953 Per
654 2898 658 2907 ·
933 2910 937 2917 ·

197 2991 353 3155 wippinde
382 3010 445 3054 cnm
464 2990 668 3075 liesponaorio
690 2988 803 3055 reditur
824 2989 860 3054 ad
884 2977 1274 3074 chemm21ngrediente
1300 2976 1450 3050 Domino

139 3107 171 3180 p·
276 3139 283 3153 .
368 3142 372 3151 .
691 3112 697 3121 .

149 3257 358 3270 ——n-——fl

210 3351 240 3433 l)
260 3353 440 3413 Baruliaidue:
462 3354 513 3428 „ln
526 3355 697 3417 Sacerdotali
711 3357 864 3417 Brixinensi
885 3357 964 3419 adest
979 3357 1047 3417 ritus
1060 3365 1090 3416 et
1102 3353 1266 3415 caerimonia
1282 3353 1371 3413 trium
1381 3367 1458 3433 per-p

139 3441 274 3500 cassionis
303 3458 362 3499 cum
386 3457 462 3498 ramo
483 3443 587 3515 palmae
605 3460 686 3516 sopra
702 3443 812 3503 dorsum
828 3443 1014 3515 Celebrantis‚
1036 3443 1065 3500 in
1081 3443 1179 3499 iaciem
1194 3458 1290 3499 versus
1303 3439 1449 3511 imaginem

138 3528 279 3603 prostrati,
295 3525 437 3584 dummodo
452 3527 616 3584 Sacerdotes
633 3529 686 3585 lroc
700 3535 849 3602 praestent
880 3528 935 3587 Sed
950 3529 1018 3586 hasa
1029 3526 1195 3585 caerimonia
1205 3527 1235 3583 lit
1245 3543 1262 3582 a
1272 3524 1450 3589 scholaribus

138 3620 241 3670 tautum
261 3618 289 3669 et
312 3611 420 3668 nimiam
441 3612 639 3684 simplicitatem
658 3613 797 3673 redolet‘·
826 3614 863 3673 At
881 3629 951 3671 vero
970 3615 1038 3670 haec
1053 3611 1218 3673 caerimonia
1234 3627 1320 3686 usque
1337 3610 1372 3668 ad
1385 3626 1449 3666 aaa·

139 3698 226 3756 aulon
248 3696 379 3754 decimum
400 3697 542 3769 septimum
561 3714 611 3771 per
632 3705 717 3757 totam
738 3696 906 3757 Germaniam
927 3700 1023 3756 usitata
1047 3698 1132 3754 inisse
1153 3696 1269 3754 videtur
1301 3695 1381 3764 Quod
1396 3694 1448 3752 do'-

138 3789 184 3840 oet
198 3782 420 3839 Benedictionole
435 3782 657 3856 constantiense,
679 3786 821 3843 coufirmat
838 3783 1046 3841 historinnidula
1062 3782 1133 3857 apud
1147 3782 1373 3855 Drephauptinm:
1396 3779 1448 3837 Be·

137 3868 303 3951 schreibong
323 3867 372 3924 des
387 3868 462 3924 Sani·
450 3868 622 3937 -Creyseau
640 3888 662 3929 a.
678 3887 716 3928 ιι.
736 3872 758 3928 l.
773 3889 800 3944 p.
793 3869 904 3939 .,966
908 3868 1076 3940 ‚De-alaim
1064 3869 1199 3942 -Sonntag
1213 3867 1384 3924 darauikam
1399 3863 1448 3919 der

139 3939 265 4011 Cardinal
280 3951 328 4009 mit
343 3951 420 4009 einer
434 3969 551 4024 grosaen
563 3954 727 4011 Proceaaion
742 3972 791 4012 ιιι
805 3954 866 4011 dem
877 3953 967 4010 Neueu
980 3953 1060 4011 stille
1071 3953 1118 4011 ani
1127 3952 1179 4011 deu
1190 3954 1286 4022 llarlrt,
1299 3950 1381 4006 aliwo
1394 3928 1448 4003 alle

136 4040 257 4108 l’iarrer,
272 4037 417 4109 Capelline
432 4037 484 4094 und
496 4038 609 4095 Schiler
625 4056 674 4096 aua
689 4035 739 4098 der
753 4038 830 4099 Stadt
845 4034 952 4116 (Helle)
967 4038 1137 4097 versammeit
1150 4055 1253 4108 waren,
1268 4033 1322 4090 und
1334 4049 1392 4091 war
1403 4029 1455 4089 eiu.

137 4125 255 4182 acidnes
267 4123 338 4179 llam
352 4122 399 4178 aul
413 4122 473 4178 dam
484 4123 590 4180 Darkte
602 4125 818 4197 anigerichtet‚
804 4140 837 4181 -ιιι
850 4122 1018 4180 welchem
994 4140 1038 4181 eiu
1051 4124 1167 4181 crucilia
1178 4120 1271 4178 stand:
1286 4118 1327 4174 ala
1338 4135 1390 4174 nnn
1402 4116 1447 4173 die

138 4208 347 4279 gewehnlicten
362 4207 487 4279 Geaiuge
504 4224 647 4279 gmunges
661 4227 766 4282 waren,
780 4208 858 4267 ward
873 4208 922 4266 das
936 4209 1028 4267 Gloria
1044 4210 1102 4266 lana
1116 4207 1200 4265 durclr
1215 4205 1260 4263 dre
1271 4202 1446 4275 Stadtpieiier

138 4286 200 4349 vom
213 4295 365 4350 liathlrauae
380 4292 537 4363 musicirel,
566 4295 742 4353 onterdaasen
757 4296 806 4353 der
822 4294 947 4352 Cardinal
962 4294 1021 4351 dem
1038 4294 1155 4350 crucilia
1168 4289 1247 4345 einen
1261 4287 1374 4346 Fusciall
1389 4287 1447 4343 that

138 4378 192 4434 und
207 4378 265 4434 sicli
280 4395 331 4435 vor
346 4377 501 4434 demeelbea
515 4378 542 4434 in
559 4378 619 4434 dem
636 4380 764 4438 Hioalaiu
778 4383 847 4454 platt
861 4380 909 4439 aui
921 4380 964 4436 die
978 4378 1053 4436 Erde
1067 4380 1161 4447 lepte,
1188 4373 1258 4431 nwei
1273 4370 1446 4447 lleaspialfen

139 4464 206 4520 aber
221 4461 268 4518 mit
281 4463 381 4535 langen
397 4463 504 4519 ltolaron
518 4463 567 4520 aui
578 4462 632 4520 den
645 4463 807 4527 lirnlrisclroi
817 4466 984 4537 anschlugen
1001 4464 1054 4520 und
1069 4460 1148 4518 dalei
1163 4476 1282 4532 osagen:
1297 4455 1446 4515 l’arcutiam

137 4555 277 4621 pastorem
290 4554 343 4608 etc.
371 4548 436 4606 Wio
452 4546 544 4606 dieses
558 4547 603 4606 ein
616 4548 695 4607 dalei
709 4547 876 4623 stahender,
898 4551 973 4608 loaer
987 4546 1149 4607 llalllmecht
1164 4546 1296 4618 eraaclro,
1310 4540 1400 4602 aeltric
1413 4555 1446 4598 er

139 4633 210 4690 lant:
227 4631 274 4689 llit
287 4631 375 4690 einem
389 4634 494 4708 Flagel,
511 4631 560 4691 das
573 4630 646 4694 liohr
659 4634 695 4694 ist
708 4636 763 4696 viel
777 4653 810 4695 ιι
824 4636 925 4694 leiclrte
938 4651 965 4692 u.
980 4652 1003 4696 a.
1018 4633 1077 4691 ιι.“
1139 4622 1144 4635 Χ
