3202 5176
366 448 600 527 ROMANUS.
989 443 1336 526 Anonosmnus.

199 570 554 646 Commemoratio
583 593 659 667 pro
692 571 773 642 De-

397 674 570 746 iunctis.

221 773 364 848 XXVH.
406 772 581 846 Memento
602 777 705 847 etium
727 774 798 846 Do·
900 773 1075 847 Memento
1096 777 1198 847 etiam
1211 774 1366 847 Domine
1379 774 1489 847 fumu-

98 890 104 909 ·
170 879 261 951 mine
291 875 498 948 famulorum
527 875 798 973 famulorumque
850 877 963 950 lomm
987 875 1258 972 famularumque
1285 887 1432 949 tuarum
1448 876 1487 949 N.

170 989 303 1051 tuarum
316 976 358 1049 N.
374 976 474 1067 etN.‚
488 980 624 1072 quinos
637 1001 800 1074 praeces·
852 988 886 1051 et
903 977 958 1069 tt,
975 981 1110 1073 quinos
1123 988 1396 1074 praecesserunt
1411 1002 1488 1051 oum

169 1089 288 1157 serunt
304 1103 382 1151 oum
403 1083 503 1172 signo
517 1078 599 1151 fidei
618 1089 652 1151 et
673 1081 800 1153 dormi-
851 1084 952 1174 signo
966 1079 1046 1152 fidei
1064 1089 1098 1151 et
1113 1079 1284 1152 dormiunt
1304 1084 1343 1152 in
1361 1103 1486 1154 somno
1536 1114 1537 1173 g

169 1192 230 1254 unt
243 1185 278 1253 in
291 1184 526 1276 somnopaois.
553 1182 799 1277 immittentem,
850 1184 953 1278 pacis.
990 1181 1078 1277 Ipsis
1096 1180 1244 1253 Domine
1265 1191 1300 1254 et
1323 1183 1486 1257 omnibus

136 1336 140 1355 .
169 1293 249 1357 orat
259 1286 496 1378 aliquantutum
504 1288 619 1379 proiit
628 1286 799 1380 &functis
850 1288 886 1355 in
913 1279 1048 1356 Christo
1076 1283 1331 1377 quiescentibus
1368 1284 1486 1357 looum

138 1464 140 1469 ,
168 1408 233 1481 pro
256 1386 371 1479 quibem
396 1409 499 1458 orare
524 1388 660 1458 intendit
683 1390 801 1461 deinde
849 1386 1036 1480 refrigerii
1049 1386 1135 1458 lucis
1150 1394 1184 1456 et
1196 1407 1304 1479 pecus
1318 1394 1359 1457 ut
1373 1387 1486 1459 indul-

170 1488 704 1589 emteoeiemuoibeoproeequitur:
712 1488 800 1585 Ipsis
851 1510 936 1581 geos
961 1488 1194 1582 deprecamur
1237 1487 1305 1558 Per
1333 1489 1485 1562 eundem

170 1570 320 1662 Domine
360 1597 395 1659 et
421 1586 617 1660 omnibus'
607 1612 643 1660 ιιι
663 1587 799 1665 Christo
853 1588 1024 1666 Christum
1037 1587 1220 1662 Dommnm
1232 1598 1404 1664 nostrum

171 1689 426 1809 quiescentibus
461 1689 577 1760 locum
613 1691 799 1788 refrigerii,

169 1794 257 1867 luois
271 1801 307 1865 et
318 1812 426 1888 pacis
433 1790 662 1883 utindulgeos
676 1793 800 1889 depre-
919 1878 923 1883 ,

170 1915 297 1967 namur
330 1894 441 1985 longit
453 1916 570 1965 mamm
585 1903 619 1965 et
633 1901 763 1990 eaput
747 1921 798 1969 oe

171 1999 281 2071 ottone
297 1995 366 2066 Per
379 1993 526 2065 eundem
542 1991 712 2071 Christum
724 1996 799 2073 Do-

170 2119 299 2170 mmum
310 2103 473 2171 nostrum
499 2094 622 2169 Amen.
