3202 5176
846 327 922 396 362
944 406 949 411 ,

227 513 396 584 Peofmce:
420 505 628 580 Benedictus
653 507 820 585 Dominus
834 510 943 583 Deus
969 507 1097 596 lsrael,
1124 507 1203 601 quia
1224 507 1379 580 visitavit
1407 517 1443 580 ct
1467 508 1549 584 fecit

226 614 474 686 redemtionem
487 609 599 705 plebis
611 631 705 683 suae.
740 621 778 683 Ec
792 624 939 702 repetitur
953 630 1015 683 tota
1029 618 1200 699 Antiphone
1214 617 1251 678 ad
1266 618 1431 698 quenlibet
1443 621 1549 684 Pmtmt

198 709 206 749 ⁵
227 743 355 801 uersum,
372 704 402 784 et
415 722 580 783 versiculos
594 709 711 784 Gloria
725 712 866 812 Patri-1)
900 724 1025 785 interint
1036 721 1108 800 dum'
1117 721 1279 800 praemissa
1293 730 1462 804 mouetur,
1476 725 1548 811 Pon·

163 890 169 901 ‚
228 828 303 887 tifex
320 834 443 906 accepta
463 825 563 901 mitra,
583 825 729 904 incipiens
744 827 780 886 ab
795 827 909 904 angulo·
920 826 1073 887 Ecclesiae
1086 822 1122 884 ad
1136 823 1285 883 sinistram
1299 824 1451 901 intramis,
1464 831 1550 906 prout

226 947 317 1008 supra
331 928 432 989 lineae
442 926 538 987 factae
552 935 630 1000 sont,
646 937 709 987 cum
724 932 917 990 extremitate·
926 927 1022 989 baculi
1037 924 1195 1007 pastoralis
1208 924 1314 985 scribit
1327 929 1549 1006 supercincta

225 1030 412 1110 alphabetum
426 1031 465 1088 ita
479 1028 625 1089 distinctis
638 1028 744 1104 literis,
758 1040 790 1091 at
803 1039 896 1093 totum
908 1031 1212 1112 spotiumcccupcnt..
1229 1025 1346 1087 Deinde
1361 1028 1453 1088 simili
1462 1029 1548 1091 ruodo

225 1133 371 1212 incipiens
392 1131 428 1191 ab
447 1130 558 1206 anguto
573 1128 925 1209 Ecclesiaeadssdextram
936 1132 1073 1192 intrantia
1087 1128 1192 1190 scribit
1204 1127 1408 1207 kfpbabeturn
1421 1129 1548 1209 latinum,

226 1250 317 1313 super
331 1231 449 1293 'cineres
463 1232 609 1292 distinctis
624 1231 743 1310 litteris,
759 1235 805 1294 bis
819 1232 974 1296 vilelicet:
983 1220 1018 1308 ²)
1457 1242 1460 1247 “

238 2969 241 2975 .
327 2910 474 2974 Postbaec
487 2915 627 2976 Pontifex
648 2930 712 2974 cum
736 2914 821 2974 mitra
841 2913 956 2973 accedit
975 2930 1080 2974 versus
1102 2895 1195 2977 altare
1209 2914 1301 2975 maius
1316 2913 1544 2976 consecrandum

225 3025 255 3076 et
273 3015 385 3077 distans
398 3015 434 3075 ab
450 3015 501 3076 iffo
515 3016 612 3095 spatio
627 3015 804 3093 congruenti
817 3015 952 3096 deposita
966 3015 1051 3075 mitra
1065 3015 1257 3094 genuflexus,
1276 3018 1461 3096 competenti
1474 3033 1544 3076 roca

225 3119 309 3180 dicit:
337 3106 433 3179 Deus
454 3109 488 3176 in
510 3108 713 3178 adiutorium
735 3129 846 3178 meum
866 3106 1013 3179 intende.
1060 3117 1126 3192 Quo
1148 3118 1227 3180 dicto
1242 3117 1389 3181 Pontifice
1404 3126 1545 3196 surgente

224 3219 333 3279 chorus
362 3219 539 3296 respondet:
566 3210 712 3282 Domine
736 3211 777 3281 ad
801 3208 1028 3280 adiuvandum
1053 3232 1110 3281 me
1134 3209 1268 3285 festina.
1313 3196 1385 3280 dun
1405 3219 1544 3281 Pontifex

225 3328 306 3378 stans
329 3319 395 3378 siue
415 3323 499 3381 mitra
521 3323 550 3381 in
572 3321 674 3382 eodem
690 3321 757 3383 foco
773 3320 858 3390 dicit;
883 3310 1000 3382 Gloria
1019 3311 1120 3384 Patri.
1163 3317 1206 3404 li.
1235 3310 1333 3386 Sicui
1354 3305 1441 3381 (ilai.v
1472 3320 1545 3380 Sine

224 3408 377 3487 Alleluia
397 3412 428 3481 et
449 3420 478 3481 id
499 3423 610 3483 eisdem
629 3423 718 3484 modo
738 3433 768 3483 et
781 3423 850 3484 foco
865 3421 1015 3499 secundo,
1037 3432 1067 3483 et
1080 3423 1169 3485 tertio
1191 3425 1222 3485 fit
1237 3442 1314 3485 voce
1328 3439 1445 3503 semper
1458 3421 1544 3481 altius

226 3507 392 3606 elevata.³)
433 3521 546 3596 Quibus
570 3524 656 3586 dictis
670 3524 808 3586 Pontifex
832 3533 913 3583 stans
932 3525 962 3583 in
985 3522 1091 3586 eodem
1110 3525 1179 3587 foco
1202 3542 1267 3587 cum
1291 3526 1377 3586 mitra
1398 3522 1544 3586 benedicit

224 3622 308 3682 aliam
323 3639 426 3701 aquam
439 3641 504 3684 cum
518 3626 582 3687 sale
595 3628 696 3688 cinare
712 3635 742 3688 et
755 3627 825 3686 vino
841 3616 986 3706 incipiens
999 3625 1136 3689 absolute
1151 3629 1351 3689 exorcismum
1364 3625 1452 3688 salis:

293 3828 324 3908 l)
338 3831 476 3889 Habentur
490 3833 645 3906 Antiphone
660 3842 687 3891 et
704 3837 824 3893 Psatmus
839 3843 941 3892 tantum
955 3835 1026 3908 apud
1041 3836 1077 3891 if:

294 3917 324 3993 2)
340 3916 441 3972 bientio
464 3919 493 3973 fit
513 3919 590 3975 buius
611 3920 792 3977 caerimoniae
807 3921 833 3976 in
851 3919 974 3977 omnibus
990 3919 1071 3982 codd.
1090 3920 1214 3992 antiquie
1246 3918 1395 3977 ifartcrrius
1410 3919 1445 3976 dc
1463 3919 1541 3990 antiq.

224 4000 293 4057 ecci.
317 4002 362 4056 rit.
382 4001 427 4060 Hf.
450 4018 475 4073 p.
491 4003 542 4055 Μ
558 4002 710 4059 adnotatio
727 4004 885 4075 quibusdam
899 4005 1012 4061 vetustis
1028 4005 1229 4062 Pontificafibus
1243 4005 1341 4076 viginti
1356 4011 1466 4076 septem
1480 4020 1541 4060 cnu-

223 4086 322 4141 merari
342 4085 450 4141 litteras
470 4101 595 4156 graecas.
624 4087 680 4144 ain
702 4088 836 4144 addebant
858 4090 922 4144 otim
938 4096 1045 4145 sacrata
1060 4089 1246 4146 Hebraeorum
1261 4091 1401 4166 στοιχεῖα.
1433 4089 1465 4144 Τ.
1480 4104 1504 4142 a.
1519 4087 1541 4142 b·

223 4187 247 4229 c.
261 4169 407 4225 ¹darium
424 4170 607 4227 scribens:
626 4170 750 4228 similiter
764 4173 832 4231 cod.
850 4174 990 4230 ftemcnsis
1005 4174 1111 4230 abcta
1124 4174 1218 4230 rium.
1247 4173 1352 4230 Atrion
1365 4172 1433 4229 inde
1447 4187 1543 4229 conse·

223 4254 313 4324 quitur
335 4254 407 4325 quod
421 4254 522 4326 placuit
536 4256 682 4327 benarno,
705 4264 762 4314 tres
778 4258 884 4315 litteras
898 4264 1000 4314 tantum
1014 4257 1151 4315 cineribus
1165 4258 1194 4314 in
1210 4257 1370 4331 quibusdam
1385 4256 1542 4328 regionibus

222 4337 369 4408 inscriptas
384 4355 452 4397 esse.
483 4339 626 4410 Significat
641 4341 759 4397 barbaro
773 4359 899 4400 sermone
913 4341 1127 4399 Abcdarium
1141 4342 1214 4400 idem
1228 4349 1311 4414 atquc
1325 4340 1543 4414 nuncAipbabe

221 4427 286 4476 tum.
317 4422 376 4476 liat.
398 4422 567 4495 Antiphanes
587 4424 658 4480 inter
678 4426 905 4483 conscribendum
921 4427 981 4481 cani
995 4426 1088 4498 iubat,
1109 4444 1178 4500 quae
1193 4427 1227 4485 ab
1241 4425 1384 4483 hodiernis
1399 4424 1541 4483 recedunt:

221 4505 255 4565 bf.
270 4506 408 4563 consentit
423 4523 482 4563 cum
498 4509 658 4565 Pontificafi.
1004 4524 1009 4539 ¹

290 4591 321 4658 3)
342 4589 400 4646 Non
414 4591 496 4648 alieni
511 4600 603 4649 sunta
618 4592 704 4652 codo.
722 4594 823 4651 nostris
838 4594 878 4650 iffi
894 4594 1038 4653 uersiculi:
1052 4596 1145 4654 fieus
1159 4594 1196 4651 in
1210 4594 1445 4666 adiutorium,
1459 4594 1542 4651 Deus
