3174 5176
492 952 1008 1067 lllllllllld.

98 1389 186 1504 Non
212 1427 341 1517 indiget
366 1429 573 1519 argumentis
600 1448 657 1499 res
681 1427 839 1501 confessa
862 1436 897 1497 et
918 1426 1113 1499 manifestat
1141 1428 1235 1500 nullo
1258 1450 1402 1523 unquam

99 1541 253 1624 tompore
281 1529 450 1603 ecclcsiae
475 1532 590 1601 navim
615 1540 684 1600 tam
711 1530 844 1603 turbato
867 1532 950 1601 mari
973 1539 1103 1624 raptam
1130 1550 1332 1624 essequam
1359 1554 1402 1605 eo

100 1632 190 1728 quod
216 1654 307 1702 nuno
332 1632 464 1703 labitur.
509 1630 667 1726 Undique
694 1636 788 1705 venti
813 1642 1010 1727 erumpunt„
1037 1631 1145 1705 nubes
1170 1633 1320 1727 undique
1346 1634 1403 1705 ad-

102 1736 221 1807 ductae
263 1732 413 1805 tenebris
446 1732 592 1806 obruunt
621 1734 730 1822 diem‚
773 1740 869 1807 saevi
903 1736 1056 1805 oriuntur
1089 1734 1259 1825 turbines,
1290 1740 1404 1827 magni

103 1847 359 1909 commoventur
387 1834 528 1925 fluetus,
561 1845 698 1911 atroces
725 1840 916 1909 excitantur
942 1845 1178 1931 tempestates„
1209 1836 1403 1929 fragoribus

101 1939 229 2013 crebris
257 1941 367 2011 omnia
389 1940 583 2033 quatiuntur
603 1948 638 2009 et
663 1942 762 2033 ignes
784 1939 862 2011 hino
887 1939 982 2009 illinc
1008 1940 1161 2009 emicant.
1204 1938 1296 2011 lntor
1319 1939 1404 2011 baec

98 2040 237 2114 fulmina
261 2053 294 2113 et
313 2044 459 2115 tonitrua
481 2040 540 2113 alii
560 2042 645 2117 alias
666 2051 782 2139 partes
800 2044 996 2136 suscipiunt.
1037 2040 1123 2111 Sunt
1144 2043 1201 2137 qui
1221 2040 1338 2115 buccis
1354 2044 1404 2113 in-

99 2142 185 2219 llatis
210 2155 389 2217 ventorum
417 2146 486 2215 uim
512 2166 656 2239 augere,
681 2145 836 2217 incendia
864 2148 893 2217 si
918 2144 1008 2216 forte
1031 2166 1119 2237 quae
1146 2146 1404 2236 exstinguantur

100 2247 212 2319 denuo
241 2250 411 2337 excitare,
440 2250 551 2320 omnia
573 2244 712 2319 turbare
733 2271 775 2319 ao
801 2250 946 2321 miscere
971 2246 1147 2319 studeant:
1176 2246 1296 2340 quibus
1321 2244 1404 2319 nibil

99 2352 269 2441 antiquius
289 2358 362 2435 cst,
383 2348 466 2419 nibil
485 2352 595 2443 magis
618 2349 714 2421 cordi
734 2347 779 2443 (si
796 2352 852 2423 isti
872 2349 1025 2423 homines
1043 2372 1104 2419 cor
1122 2349 1250 2421 babere
1265 2348 1403 2446 putandi

99 2447 194 2542 sunt)
215 2470 315 2540 quarn
329 2458 367 2517 ut
385 2448 539 2519 diuturna
558 2448 825 2523 Christianorum
843 2451 980 2525 dissidia
997 2453 1220 2546 incomposita
1235 2462 1404 2539 maneupt,

100 2550 227 2621 vulnus
253 2569 323 2622 non
349 2558 450 2620 coeat
468 2550 530 2623 sed
550 2554 710 2621 continua
728 2556 824 2623 sanie
844 2562 1025 2645 putrescat.
1078 2552 1122 2623 lli
1143 2553 1316 2647 quomodo
1334 2552 1404 2625 llo-

98 2654 192 2725 miuo
207 2651 378 2723 ecclesiae
392 2650 436 2723 de
448 2654 569 2727 invisis
582 2654 653 2725 suis
666 2654 814 2744 negotiis
829 2652 1048 2731 satisfaciant.
1065 2652 1204 2725 uideant
1217 2657 1291 2749 ipsi.
1327 2652 1403 2748 Ego

100 2776 186 2827 vero
211 2753 290 2825 dum
312 2756 395 2825 vivo
417 2755 656 2827 ardentissimo
679 2756 780 2825 aninri
798 2766 882 2827 voto
906 2776 1054 2825 exorare
1076 2754 1233 2850 precibus
1249 2762 1324 2828 'nou
1346 2756 1401 2829 do

98 2861 227 2943 sinam,
260 2856 352 2949 quod
378 2878 512 2929 mecum
538 2866 685 2929 exorant
711 2878 830 2931 omnes
856 2856 956 2929 boni:
989 2866 1024 2927 ut
1050 2868 1171 2953 pacato
1197 2858 1404 2954 reipublicae

100 2958 312 3035 Christianae
330 2969 418 3033 statu
438 2962 598 3053 gignatur
620 2959 772 3033 amabilis
792 2960 962 3031 ccclesiae
983 2961 1166 3032 concordia
1192 2959 1314 3055 datque
1336 2983 1405 3055 pax

99 3066 134 3135 in
155 3060 304 3135 turribus
325 3060 418 3133 Sion.
460 3060 581 3155 Neque
601 3065 636 3133 in
657 3063 876 3183 precibusne
897 3066 987 3135 votis
1010 3065 1183 3183 acquievi·
1210 3084 1278 3133 uon
1297 3060 1404 3134 semel

102 3165 261 3263 prodiit
252 3186 287 3235 m
314 3164 426 3236 lucem
449 3164 557 3253 liber,
585 3187 651 3259 quo
675 3169 823 3237 omnium
851 3164 1014 3237 oculosa
1040 3167 1186 3283 spinosis
1212 3188 1253 3235 ac
1276 3174 1404 3236 tortuo-

101 3270 148 3339 sis
173 3266 274 3339 buius
305 3270 425 3341 aetatis
459 3264 755 3369 quaestionibus
746 3291 802 3379 ιιι
812 3277 981 3339 vetustam
1013 3269 1163 3362 priorum
1189 3267 1401 3342 saeculorum

102 3369 285 3443 ecclesiam
305 3370 448 3441 veluti
440 3392 474 3441 m
497 3360 662 3443 libertatis
690 3395 732 3461 aq
742 3360 850 3467 papis
877 3372 1058 3461 imaginem
1084 3379 1244 3442 avertere
1263 3380 1402 3443 conatus

105 3495 183 3543 sum.
238 3468 416 3566 Nunquam
445 3473 605 3547 desistam
625 3474 708 3545 illo
702 3464 868 3581 hunone,
890 3473 981 3567 quod
1006 3484 1101 3543 recte
1123 3480 1268 3543 uocatur
1288 3474 1402 3543 duoto-

104 3574 217 3643 olo
175 3600 239 3669 της
259 3577 480 3696 καταλλαγῆς,
501 3598 614 3668 neque
635 3592 798 3673 unquam.
794 3599 857 3647 me
879 3575 921 3645 de
942 3577 1118 3671 proposito
1140 3570 1274 3646 dellecti
1295 3577 1403 3668 patiar

102 3698 146 3749 eo
171 3678 264 3772 quod
290 3681 338 3749 uti
358 3682 494 3773 saepius
521 3680 568 3747 ita
593 3676 787 3774 nuperrime
812 3678 936 3749 lactum
959 3687 1022 3765 est,
1049 3698 1103 3749 me
1126 3677 1215 3773 apud
1236 3676 1401 3749 fanaticos

100 3779 256 3852 homines
278 3783 336 3875 qui
361 3780 541 3853 immodico
562 3776 707 3875 partium
732 3781 842 3855 studio
869 3779 1023 3871 flagrant,
1046 3802 1201 3874 maguam
1222 3778 1302 3849 mibi
1321 3800 1401 3849 oon-

101 3878 185 3955 ilare
206 3884 387 3973 invidiam7
418 3904 557 3978 asperas
582 3886 697 3977 parari
718 3904 880 3957 censuras
906 3892 940 3952 et
961 3879 1064 3976 (quae
1088 3884 1319 3977 acceptissima
1342 3902 1399 3953 eo-

100 3985 245 4057 rundem
264 3988 443 4083 provincia
466 3983 532 4081 est)
553 3987 763 4080 suspiciosos
782 3988 898 4080 spargi
915 4006 1070 4059 rumores
1088 3997 1187 4081 atque
1206 3983 1398 4056 calumnias.

101 4084 252 4159 laudem
275 4088 315 4159 ab
337 4090 410 4161 istis
430 4110 498 4158 non
521 4110 663 4182 quaero,
684 4091 741 4183 qui
761 4091 859 4184 parvi
882 4098 915 4158 et
934 4091 1067 4179 angusti
1089 4090 1187 4158 animi
1215 4096 1309 4159 sunit
1331 4083 1399 4155 sul-

101 4188 169 4260 licit
196 4189 364 4262 bonorum
391 4192 556 4263 adsensus
584 4200 618 4260 et
643 4189 796 4286 plausus
822 4189 944 4263 suflicit
967 4212 1012 4259 ex
1039 4190 1090 4263 his
1110 4190 1207 4261 bonis
1228 4207 1312 4258 unus
1332 4188 1397 4273 vir,

102 4294 211 4364 amice
235 4303 395 4382 testatus,
422 4316 476 4363 me
504 4296 538 4363 iu
565 4293 631 4365 hoo
657 4315 786 4387 genere
812 4292 936 4387 aliquid
960 4314 1072 4388 posse.

204 4396 300 4467 Haec
328 4406 417 4485 sunt
445 4418 532 4489 quae
553 4405 587 4466 te
607 4398 696 4468 scire
718 4396 826 4483 volui,
853 4394 1020 4466 benevole
1041 4395 1160 4479 lector,
1186 4411 1229 4460 ue
1252 4392 1396 4476 mireris,

103 4520 158 4569 me
180 4499 294 4573 limina
321 4500 430 4572 semel
454 4498 601 4570 feliciter
625 4500 757 4594 pulsata
784 4508 952 4591 repetere,
979 4505 1014 4566 ut
1039 4504 1133 4565 recte
1159 4490 1287 4566 iudices
1309 4492 1396 4561 buno

104 4601 237 4690 tibrum,
257 4626 276 4674 e
294 4602 392 4698 prelo
411 4612 606 4694 surgentem
624 4611 790 4695 tamquam
810 4591 1033 4691 eloquonotdu
1072 4594 1216 4666 Difficile
1234 4606 1284 4668 est
1303 4592 1396 4664 Chri
