3202 5176
740 264 873 401 ms·

138 521 311 603 aequalitas.
340 520 433 598 Quem
446 519 564 582 laudant
576 518 675 598 angeli
692 529 781 601 atque
798 521 986 599 archangeli,
1002 518 1159 584 cherubim
1174 542 1294 605 quoque
1305 543 1340 586 ac
1360 523 1452 619 Sera-¹
1527 499 1528 502 Ἴ

139 626 232 705 plrim,
247 625 297 707 qui
314 642 373 687 nou
389 631 508 686 cessant
521 622 647 686 clamare
660 623 793 704 quotidie
806 642 863 686 una
879 640 956 693 voce
970 624 1119 713 diceutes:
1146 626 1177 687 S.

496 855 504 872 ,
565 796 568 802 ’
626 792 809 891 Βοιὺοαια
832 792 958 860 biania.

241 928 449 1007 Verediguum
465 939 495 995 et
508 930 614 990 iustum
630 936 819 1010 est,aequum
834 929 1015 1014 et'salutare,
1026 949 1081 991 nos
1096 931 1150 992 tibi
1164 949 1283 1012 semper
1297 938 1327 992 et
1341 929 1451 1008 ubique

139 1032 250 1111 gratias
264 1050 367 1109 agere,
381 1031 507 1094 Domine
520 1040 632 1112 sancte,
647 1033 734 1095 Pater
747 1035 951 1112 omnipotens,
973 1041 1095 1096 aeterne
1108 1034 1204 1102 Deum
1226 1043 1256 1096 et
1274 1043 1304 1094 te
1317 1034 1347 1093 iu
1362 1047 1452 1092 vene·

138 1134 255 1217 ratione
269 1118 374 1195 beatae
389 1133 499 1196 blariae
512 1116 631 1216 semper
644 1134 776 1214 Virginis
789 1134 918 1212 laudare,
933 1135 1115 1197 benedicere
1129 1146 1159 1197 et
1173 1135 1362 1217 praedicare;
1376 1151 1451 1214 quae

140 1238 323 1314 unigenitum
340 1246 423 1297 tuum
447 1237 546 1298 Sancti
561 1239 688 1319 Spiritus
704 1237 930 1300 obumbratione
952 1239 1090 1319 concepit
1111 1248 1141 1300 et
1161 1239 1341 1317 virginitatis
1356 1234 1452 1314 gloria

139 1347 347 1419 permanente,
369 1339 438 1400 huic
455 1340 682 1407 mundolumen
705 1349 856 1403 aeternum
878 1340 980 1403 eliudit
1005 1341 1101 1414 lesum
1128 1339 1275 1403 Christum
1296 1339 1451 1401 Dominum

141 1449 285 1505 nostrum.
312 1441 370 1503 Per
388 1461 483 1524 quem.

482 1580 534 1640 lle
556 1579 761 1658 hpostolis
784 1590 821 1641 et
843 1579 1126 1658 Evangelistis.

241 1713 321 1774 Vere
342 1713 461 1789 dignum
484 1723 515 1774 et
531 1714 638 1774 iustum
654 1722 859 1795 est,.aequum
879 1722 909 1774 et
928 1714 1073 1791 salutare,
1093 1723 1124 1774 te
1137 1713 1263 1774 Domine
1278 1711 1454 1790 suppliciter

139 1833 285 1892 exorare,
300 1824 331 1874 ut
346 1833 469 1893 gregem
484 1824 563 1875 tuum
577 1824 679 1896 pastor
693 1825 814 1878 aeterne
829 1802 888 1876 nou
903 1814 1025 1876 deseras
1036 1816 1090 1877 sed
1103 1833 1160 1895 per
1173 1815 1276 1876 beatos
1290 1812 1455 1892 Apostolos

136 1927 209 1980 tuos
230 1918 367 1979 continuo
386 1919 575 1997 protectione
595 1919 760 1996 custodias,
783 1927 814 1978 ut
834 1916 937 1978 iisdem
960 1918 1125 1980 rectoribus
1155 1917 1354 1995 gubernetur,
1379 1930 1455 1993 quos
1524 1950 1526 1955 ·

138 2023 243 2101 operis
255 2022 299 2082 tui
312 2021 442 2081 vicarios
457 2020 552 2093 eidem
571 2021 722 2083 contulisti
738 2038 879 2102 praeesse
892 2029 1040 2100 pastores.
1077 2020 1115 2082 lit
1129 2020 1206 2081 ideo.

662 2192 714 2253 lle
740 2194 934 2255 communi.

242 2323 323 2387 Vere
338 2326 457 2404 dignum
472 2337 502 2388 et
515 2328 622 2389 iustum
636 2336 692 2404 est,
704 2346 829 2408 aequum
846 2338 875 2388 et
888 2325 1155 2404 salutare,nostibi
1170 2342 1289 2405 semper
1303 2332 1333 2384 ct
1347 2322 1457 2401 ubique

138 2428 254 2507 gratias
265 2445 370 2506 agere,
384 2429 512 2489 Domine
527 2438 640 2507 sancte,
656 2429 743 2490 Pater
757 2431 964 2511 omnipotens,
986 2436 1108 2490 aeterne
1125 2428 1224 2505 Deus,
1239 2444 1296 2513 per
1312 2425 1457 2486 Christum

137 2531 297 2591 Dominum
312 2539 461 2606 nostrum,
484 2548 539 2611 per
555 2549 642 2611 quem
656 2532 837 2592 maiestatem
852 2542 929 2593 tuam
949 2531 1066 2592 laudant
1079 2528 1205 2608 hugeli,
1228 2528 1353 2588 adorant
1367 2527 1456 2586 domi·

140 2634 296 2709 nationes,
319 2641 446 2694 tremunt
460 2642 642 2713 potestates,
665 2633 743 2694 coeli
765 2633 976 2713 coelorumque
995 2633 1119 2692 virtutes
1139 2649 1173 2690 ao
1195 2630 1280 2691 beata
1303 2627 1456 2707 Seraphim

136 2737 224 2797 socia
239 2733 423 2797 exultatione
438 2736 658 2798 concelebrant.
695 2734 765 2798 Cum
784 2737 889 2816 quibus
902 2745 935 2797 'et
949 2744 1169 2824 nostrasvoces
1179 2717 1215 2794 'ut
1228 2731 1340 2792 admitti
1354 2730 1456 2791 iubeas

137 2839 333 2918 deprecamur
347 2832 475 2919 supplici
490 2839 681 2901 confessione
697 2839 845 2901 dicentes:
866 2840 896 2901 S.

244 2973 434 3055 Reliquorum
456 2983 612 3054 terrarum,
631 2973 816 3055 Germaniae,
832 2944 965 3052 Galliae,
978 2960 1105 3059 Angliae
1120 2981 1177 3033 etc.
1193 2971 1339 3033 ecclesiae
1352 2970 1456 3046 ingen·

141 3086 202 3137 tem
212 3076 643 3156 excogitaruntPraeiationum
658 3076 826 3141 numerum:
840 3078 890 3139 illa
899 3079 976 3139 enim
986 3085 1082 3137 aetate
1091 3071 1459 3157 quisque,indignabuodo.

137 3177 298 3260 ‚Radutpho
321 3179 688 3258 „gaudebat‘novitatibus
706 3179 800 3245 suis“.
836 3180 942 3241 hiultas
965 3179 1103 3241 habuisse
1125 3177 1291 3259 praeclaras
1313 3182 1457 3235 testentur
1551 3232 1554 3236 .

141 3280 210 3342 libri
226 3285 351 3346 vetusti:
375 3283 481 3345 multas
493 3283 609 3365 ineptas
625 3292 654 3345 et
669 3284 891 3366 superstitiosas
911 3269 1006 3364 aeque
1022 3292 1135 3344 certum
1149 3290 1203 3342 cst.
1243 3277 1458 3340 Commemorat

107 3426 115 3438 .
140 3378 176 3444 0.
190 3381 391 3463 Schultioqias
410 3388 440 3446 in
452 3386 529 3448 Bibl.
547 3387 656 3450 eccles.
671 3386 707 3450 ll.
723 3406 752 3468 p.
768 3382 835 3447 188
853 3386 961 3464 librum
981 3394 1128 3446 vetustum
1148 3381 1185 3470 de
1206 3381 1317 3444 ritibus,
1330 3379 1458 3459 antiquis

142 3494 175 3546 et
192 3485 328 3565 baptismi
349 3497 378 3548 et
393 3488 590 3550 confessionis
611 3498 640 3550 et
655 3489 888 3571 praefationibus
904 3487 1047 3551 Coloniae
1066 3483 1142 3566 apud
1163 3483 1303 3544 loannem
1321 3481 1458 3543 Soterem

141 3605 221 3649 auno
241 3581 324 3646 1530
345 3589 463 3649 editum.
504 3589 705 3669 Depromptas
725 3597 791 3668 est,
816 3593 926 3672 iuquit,
955 3608 976 3651 a
1003 3586 1175 3649 doctissimo
1200 3584 1268 3646 ciro
1292 3583 1456 3646 ilenrico

141 3689 283 3753 Gravia
305 3688 429 3768 (rectius
450 3689 610 3754 Gualtcr
626 3692 761 3771 Rapsa
787 3691 939 3768 Gravia)
960 3711 977 3753 e
995 3676 1173 3752 bibliotheca
1191 3684 1313 3766 collegii
1331 3684 1458 3749 Narma-

139 3791 243 3872 pcosis
257 3790 294 3854 B.
308 3791 468 3872 Stephani,
490 3795 544 3856 abi
561 3801 744 3858 assabatur
763 3795 901 3858 volumen
918 3794 1088 3856 mmmmm
1109 3789 1278 3871 officioram
1301 3789 1351 3854 oel
1368 3805 1456 3851 oman

143 3894 268 3957 malvais
285 3895 381 3958 literis
392 3897 576 3977 descriptam
594 3906 624 3962 et
635 3900 841 3975 venerandam
860 3915 900 3960 ac
918 3916 1027 3960 carram
1048 3890 1256 3976 ubiquitatem
1273 3899 1456 3981 contestans.

142 3996 340 4061 incenderetur
355 4001 388 4060 io
402 3998 459 4062 boc
471 4000 568 4063 libello
581 4002 793 4084 Praefatioaer
806 4001 894 4064 valde
910 4003 1052 4084 antiquae
1066 4005 1095 4062 ot
1104 4000 1186 4079 piae,
1206 4016 1330 4060 rramero
1343 3993 1457 4056 CCXL.

151 4135 188 4179 ·,·
214 4135 252 4144 —
271 4101 413 4164 bodieita
426 4104 604 4168 obliteratae
622 4114 657 4168 at
673 4124 780 4169 earam
800 4124 877 4168 asae
893 4103 1153 4185 placeiotem'erlt.
1193 4101 1343 4177 Quoniam
1357 4103 1458 4157 uatem

140 4190 220 4266 iata'e
234 4210 306 4293 caol
319 4202 461 4269 Coloniae
473 4194 641 4287 impressae
654 4207 830 4273 am01530
843 4216 873 4271 ct
884 4211 930 4271 sio
942 4206 1130 4288 exemplaria
1140 4207 1195 4268 oia
1210 4201 1340 4282 anplius
1352 4197 1459 4260 'tabell

137 4307 273 4386 mairo,
293 4317 422 4388 propter
432 4311 624 4376 ceuerandae
636 4314 823 4393 aadwdatis
841 4313 995 4375 smdiosos
1012 4311 1118 4373 recudi
1136 4328 1197 4372 noo
1215 4296 1332 4368 omniuo
1352 4302 1409 4366 aba
1422 4319 1458 4363 ra

138 4413 250 4485 roras..
260 4410 351 4474 llddit
368 4411 583 4477 Birrterimias:
604 4413 649 4477 Er
662 4416 703 4477 iat
713 4417 746 4477 in
756 4417 813 4478 der
827 4415 904 4478 utar
915 4435 956 4478 aa
969 4415 1133 4491 bodasem,
1146 4413 1221 4474 dass
1233 4404 1386 4487 Schultiag
1397 4423 1457 4467 arra

95 4507 97 4515 ’
140 4509 223 4573 cabi
232 4511 317 4576 mehr
328 4533 387 4577 aas
401 4514 514 4580 diesem
525 4518 703 4581 vorlareaea
718 4519 846 4581 Scbatce
859 4517 1126 4598 aasdcaabrtbat.
1162 4515 1203 4575 At
1223 4512 1275 4576 ille
1289 4510 1456 4573 Thesaurus

140 4612 338 4699 ndn'prorsus
353 4619 526 4716 deperditus
541 4620 609 4687 ’θεῖς’
626 4623 762 4704 possidet
780 4624 888 4685 librurn
901 4625 1079 4685 rarissimum
1099 4605 1283 4681 Bibliotheca
1301 4613 1457 4697 Orpbaaur
