3202 5176
820 344 896 414 356

304 528 372 601 Ml)
389 583 420 597 ..
452 528 508 598 die
530 524 570 597 N.
599 530 726 601 mensis
753 526 793 598 N.
838 526 916 620 Ego
943 525 983 598 N.
1026 526 1220 622 Episcopus
1241 525 1282 598 N.
1310 533 1516 601 consecravi

202 632 395 706 Ecclesiam
415 641 449 701 ot
468 629 577 700 altare
597 629 665 700 hoc
686 634 721 700 in
742 631 908 701 honorem
928 632 1036 703 sancti
1056 627 1095 700 N.
1118 640 1153 701 et
1172 629 1350 724 Reliquias
1372 629 1517 704 Sancto·

201 757 277 806 rum
299 732 489 826 Martyrum
509 728 550 805 N.
582 742 617 803 et
635 729 675 802 N:
705 735 741 801 in
767 754 809 802 eo
832 733 956 805 inclusi
978 741 1013 802 et
1035 732 1179 823 singulis
1205 729 1331 804 Christi
1357 732 1517 807 fidelibus

202 837 428 908 hodie-unum
451 856 575 905 annum
593 844 629 905 et
647 837 683 904 in
704 834 759 904 die
780 836 1014 906 anniversario
1032 837 1304 907 consecrationis
1322 835 1517 909 huiusmodi

202 942 312 1033 ipsam
336 937 552 1009 visitantibus
580 936 801 1031 qnadraginta
831 937 903 1010 dies
931 936 974 1006 de
1001 957 1086 1006 vera
1112 936 1325 1028 indulgentia
1345 941 1382 1007 in
1405 937 1516 1009 forma

200 1038 384 1112 Ecclesiae
411 1048 577 1112 consueta
603 1042 770 1110 concessi.

303 1151 445 1228 sigillans
458 1152 553 1230 ipsum
567 1150 714 1210 vasculum
730 1149 889 1228 diligenter
903 1159 934 1210 et
947 1148 1019 1209 illud
1032 1149 1061 1208 in
1077 1149 1204 1210 honesto
1220 1158 1250 1209 et
1262 1149 1371 1212 mundo
1386 1151 1455 1212 loeo
1467 1152 1514 1212 vel

201 1254 256 1315 sub
276 1256 406 1316 tentorio
427 1262 496 1313 ante
515 1253 597 1314 iores
610 1251 765 1313 Ecclesiae
787 1251 1006 1314 consecrandae
1026 1260 1128 1330 parato
1148 1268 1264 1331 ponens
1278 1261 1309 1313 et
1323 1270 1417 1333 snper
1431 1271 1514 1318 orne·

201 1366 261 1416 turn
278 1356 420 1416 feretrum
442 1354 586 1415 decenter
605 1354 772 1431 collocans,
794 1374 857 1416 curn
877 1353 992 1416 duob'us
1013 1352 1198 1414 candelabris
1219 1363 1249 1414 et
1263 1355 1457 1416 luminaribus
1469 1366 1514 1416 ar·

202 1458 349 1520 dentibus.
389 1455 652 1536 Celebrandaeque
672 1467 741 1518 sunt
761 1457 888 1535 vigiliae
910 1465 978 1516 ante
992 1455 1142 1535 Reliquias
1162 1458 1243 1535 ipsas
1264 1466 1295 1517 et
1315 1456 1441 1518 canendi
1457 1458 1514 1519 No-

202 1561 299 1621 cturni
319 1568 349 1620 et
362 1557 521 1620 llatntinae
535 1557 666 1635 laudes,
688 1561 717 1619 in
733 1560 877 1621 bonorem
891 1560 1066 1619 Sanctorum
1079 1574 1202 1637 qnorum
1216 1556 1373 1638 Reliquiae
1387 1568 1459 1619 sunt
1470 1579 1512 1620 re

201 1661 390 1732 condendae;
404 1663 547 1739 imagines
562 1680 635 1723 uero
651 1680 754 1722 cruces
769 1652 801 1724 et
812 1662 868 1724 alia
881 1664 946 1743 ipsa
960 1670 1049 1721 nocte
1063 1668 1232 1721 remaneant
1246 1663 1275 1721 in
1284 1661 1438 1722 Ecclesiae
1447 1680 1514 1723 con·

199 1765 351 1825 secranda.
382 1764 525 1824 Parantnr
545 1765 631 1825 etiam
644 1766 673 1824 in
686 1764 821 1825 Ecclesia
835 1763 910 1844 quae
924 1762 959 1824 ad
974 1763 1188 1824 dedicationem
1197 1762 1351 1824 Ecclesiae
1367 1773 1398 1824 et
1407 1763 1514 1825 Altaris

90 1854 93 1858 Α
200 1876 268 1927 sunt
283 1868 469 1943 necessaria,
490 1866 632 1928 videlicet
646 1875 777 1928 sanctum
792 1867 924 1928 Gbrisma
937 1868 967 1926 iu
981 1865 1103 1927 vasculo
1119 1874 1151 1926 et
1162 1865 1306 1946 ampulla,
1330 1866 1436 1927 Oleum
1450 1886 1514 1928 san·

200 1978 276 2030 otum
292 1968 574 2029 Gateobumenornm
598 1971 684 2029 etiam
705 1972 734 2041 in
756 1970 877 2029 vasculo
894 1979 923 2029 et
937 1968 1080 2048 ampullae
1098 1952 1172 2028 duae
1186 1968 1279 2028 librae
1293 1967 1406 2045 thuris,
1432 1970 1513 2030 cuins

199 2071 359 2143 medietas,
377 2072 458 2131 sitin
474 2073 591 2147 granis,
612 2072 790 2132 thuribulum
805 2090 870 2132 cnm
882 2071 1018 2132 navicula
1031 2074 1063 2131 et
1076 2070 1243 2147 cochleari,
1263 2088 1316 2132 vas
1332 2088 1396 2132 cnm
1411 2073 1513 2150 prunis

199 2172 386 2247 ardentibus,
404 2191 457 2234 vas
471 2191 535 2233 cum
550 2174 698 2234 cineribus
712 2193 766 2255 pro
781 2175 942 2254 quantitate
955 2171 1126 2249 Ecclesiae,
1139 2189 1191 2234 uas
1207 2190 1270 2233 cnm
1284 2173 1363 2251 salo,
1375 2191 1428 2234 vas
1441 2175 1512 2253 vini,

199 2277 400 2354 aspersorio·
413 2274 521 2336 iactum
536 2275 574 2336 de
588 2275 681 2337 herbe
693 2276 833 2357 hyssopi,
851 2276 981 2337 mantilia
996 2294 1034 2337 ex
1048 2277 1106 2337 tela
1120 2293 1227 2352 grossa
1240 2274 1276 2336 ad
1294 2276 1512 2352 extergendum

199 2395 329 2438 mensam
343 2376 462 2455 altaris,
477 2379 595 2458 quoties
609 2379 795 2459 expedierit,
811 2388 990 2459 coopertura
1002 2379 1081 2439 linea
1097 2387 1196 2440 cerata
1210 2378 1246 2438 ad
1260 2393 1427 2443 mensurare
1441 2379 1512 2441 alta·

198 2481 241 2541 rie
256 2497 312 2559 pro
325 2480 460 2560 quolibet
473 2481 557 2542 altari
572 2482 792 2558 consecrando,
814 2485 944 2562 quinque
961 2499 1065 2542 cruces
1078 2498 1188 2561 parvae
1204 2481 1289 2540 etiam
1305 2499 1361 2560 pro
1377 2481 1512 2561 quolibet

197 2581 281 2644 altari
297 2583 512 2660 consecrando,
525 2584 622 2644 laetae
637 2584 676 2644 de
690 2572 823 2647 candelis
836 2603 923 2646 cerae
932 2583 1100 2658 subtilibus,
1112 2583 1227 2663 aliquae
1236 2583 1372 2662 spatulae
1379 2583 1512 2660 lingulae

196 2702 307 2765 parvae
320 2685 357 2746 ad
370 2685 570 2747 abradendum
584 2687 621 2746 de
636 2688 720 2748 altari
738 2688 957 2751 combustiones
975 2686 1161 2747 candelarum
1176 2695 1208 2747 et
1219 2686 1324 2760 tburis,
1339 2688 1439 2747 rasin
1453 2704 1508 2766 qno

196 2790 279 2867 ipsae
295 2805 415 2849 rasurae
430 2790 632 2868 imponantur,
654 2790 736 2867 calx,
751 2766 855 2852 arena.
868 2792 933 2851 sive
948 2788 1047 2866 tegula
1063 2793 1131 2848 trita
1145 2788 1181 2849 ad
1194 2787 1360 2848 laciendum
1375 2804 1510 2850 caemen-

197 2898 268 2964 tum,-
282 2907 337 2968 pro
352 2890 483 2950 liniendo
497 2866 636 2970 sepulcro
652 2891 849 2971 Reliquiarum
864 2901 894 2951 et
907 2893 1067 2951 iuncturam
1081 2909 1200 2951 mensae
1209 2890 1307 2950 altaris
1320 2909 1386 2952 cum
1395 2893 1510 2971 stipite,

197 2992 410 3050 caementarius
425 2993 473 3070 qui
488 2992 546 3051 boo
559 3002 637 3070 agat,
652 2993 710 3054 dno
725 2995 868 3054 intortitia
878 3012 1014 3070 accensa,
1029 3012 1105 3073 quae
1115 3011 1233 3072 semper
1241 2993 1508 3071 praeceduutPon·

195 3092 304 3154 tlbcem
319 3110 498 3173 quocunque
512 3095 598 3170 ierit,
619 3113 689 3154 vasa
708 3113 772 3154 cnm
786 3113 860 3175 aqna
873 3095 909 3156 ad
924 3095 1086 3173 abluendas
1099 3114 1199 3155 manns
1213 3095 1384 3173 Pontiiicis,
1405 3104 1437 3156 et
1449 3113 1506 3155 me·

195 3193 273 3256 dnlla
287 3198 371 3276 panis
384 3214 419 3255 ac
432 3197 560 3256 mantilia
575 3214 630 3276 pro
639 3199 839 3274 emergendis
852 3198 1001 3275 manibus,
1018 3199 1093 3259 dnae
1106 3198 1200 3259 librae
1214 3197 1368 3274 bombycis
1384 3214 1439 3277 pro
1456 3216 1507 3258 ex·

194 3297 347 3373 tergendis
362 3298 497 3358 crucibus
512 3302 620 3378 unctis,
635 3320 710 3380 qnae
727 3301 798 3361 fiurrt
811 3303 840 3361 in
854 3301 1017 3382 parietibus
1025 3298 1177 3361 Ecclesiae
1192 3309 1222 3361 et
1235 3301 1265 3359 in
1279 3302 1379 3381 stipite
1391 3300 1504 3376 altaris,

195 3397 253 3461 duo
267 3417 337 3460 uasa
351 3418 415 3460 cnm
429 3419 504 3481 aqna
517 3401 719 3464 benedicenda
734 3423 822 3464 unum
835 3413 920 3464 entra
931 3403 1094 3464 Ecclesiam
1109 3413 1139 3463 et
1153 3402 1233 3464 alind
1246 3402 1325 3462 intus
1338 3403 1367 3463 in
1380 3399 1504 3482 presby·

194 3502 283 3576 torio,
302 3503 438 3565 tobaleae
451 3523 548 3566 novae
563 3506 731 3568 mundacet
746 3525 815 3572 vasa
828 3516 918 3586 atque
931 3514 1101 3568 ornamenta
1115 3506 1151 3566 ad
1167 3506 1275 3568 cultum
1288 3505 1345 3566 Dei
1360 3513 1392 3565 et
1401 3502 1507 3566 Eccle-

193 3605 255 3664 siae
273 3606 450 3667 intrinseeus
469 3626 524 3687 per
545 3609 697 3669 circuitum
719 3608 874 3670 duodecim
889 3621 993 3670 cruces
1007 3611 1086 3670 circa
1099 3609 1202 3670 decem
1215 3608 1433 3689 palnasnuper
1449 3616 1507 3668 ter·

193 3723 271 3784 ram,
285 3706 426 3769 videlicet
439 3719 500 3770 tres
516 3729 571 3792 pro
587 3712 717 3792 qnalibet
733 3730 771 3772 ex
784 3721 919 3790 quatuor,
934 3712 1106 3791 parietibus.
1143 3709 1182 3772 Et
1195 3710 1230 3772 ad
1245 3719 1340 3790 eaput·
1348 3708 1508 3770 cuiuslibet

193 3810 290 3871 mucis
305 3809 412 3889 ligatur
425 3831 499 3873 unus
513 3813 624 3892 olavus,
640 3816 686 3875 oni
703 3815 839 3892 alligatur
852 3835 908 3876 una
922 3814 1044 3875 candela
1059 3816 1144 3874 nnius
1160 3795 1274 3874 unciae.
1316 3811 1402 3879 Scala
1416 3829 1507 3893 super

192 3929 278 3991 quam
292 3912 457 3976 ascendens
467 3915 608 3979 Pontifex
621 3919 717 3998 possit
729 3919 877 3996 attingere
890 3919 971 3998 ipsas
984 3916 1139 3978 duodecim
1157 3934 1278 3988 cruces;
1289 3915 1392 3977 tontes
1401 3913 1505 3976 Eccle-

190 4210 330 4267 basilicam
356 4212 484 4268 dedicare
499 4213 614 4282 vellem,
638 4215 700 4271 numi
714 4222 839 4287 tanquam
853 4231 907 4271 uno
923 4215 1163 4287 orsinterpellare
1179 4219 1347 4287 coeperunt,
1363 4208 1504 4266 dieentes:

192 4294 262 4350 sicut
281 4296 309 4350 in
325 4298 460 4367 Romana,
480 4297 520 4353 sic
540 4298 680 4354 basilicam
696 4300 822 4370 dedices,
842 4299 989 4373 respondi:
1012 4301 1150 4356 Faciam
1166 4298 1196 4356 si
1210 4304 1404 4366 martyrum
1418 4295 1504 4351 reli·

191 4379 293 4450 quiae
310 4380 400 4437 iuven
411 4396 481 4438 ero.
502 4383 726 4443 luconcildirio.
735 4401 761 4439 a.
769 4386 828 4439 424.
846 4387 956 4446 canto.
973 4392 1079 4441 cantum
1094 4393 1145 4455 est,
1162 4391 1191 4439 nt
1205 4384 1302 4440 altaria
1316 4396 1387 4453 quse
1402 4381 1505 4452 passim

190 4479 240 4533 per
254 4480 339 4534 agros
353 4472 381 4521 et
394 4483 444 4538 per
458 4466 540 4524 villas
552 4466 687 4540 tamquam
704 4470 850 4526 memoriae
865 4477 1013 4541 martyrum
1025 4477 1227 4540 construantur,
1241 4470 1268 4525 iu
1287 4467 1386 4539 quibus
1401 4465 1505 4522 nullan

190 4560 291 4622 corpus
311 4556 357 4606 ant
375 4550 509 4623 reliquiae
529 4561 676 4623 martyrum
697 4555 823 4610 conditae
839 4540 1005 4629 probantur,
1027 4556 1061 4627 ab
1077 4555 1228 4630 episcopis,
1253 4554 1300 4626 qui
1313 4552 1383 4608 locis
1397 4549 1503 4607 eisdem

190 4642 327 4706 meunt,
342 4641 506 4692 cremantur.
