3202 5176
753 281 840 398 ,ιι

140 476 224 541 ilium
242 473 322 558 quod
336 493 397 541 sou
413 483 459 537 est
472 473 593 537 licentia
605 470 644 534 dc
660 471 727 536 aliis
740 474 872 554 peccatis
885 471 1023 535 iudicium
1036 474 1172 554 recipere
1188 481 1347 553 antequam
1363 472 1462 553 ipsum

141 562 248 643 matum
266 577 428 641 reddiderit
448 584 499 637 aut
517 574 650 637 eiecerit.
681 576 789 645 Postea
808 578 834 641 si
847 575 955 638 fecerit
969 576 1140 653 interroges
1156 594 1223 639 eum
1238 576 1265 636 si
1278 575 1461 639 iracundiam

142 690 246 745 contra
264 679 499 760 qualemcunque
512 677 660 739 bominem
677 677 794 740 babeat.
821 679 854 739 Si
873 677 1028 742 confessus
1047 688 1110 755 cst,
1131 677 1258 739 admone
1271 695 1358 754 eum,
1379 676 1459 757 quod

142 785 283 863 scriptum
304 780 442 860 estquod
457 799 516 841 uon
529 781 648 861 proiicit
665 780 844 842 abstinentia
858 780 931 840 eius.
969 779 1007 841 tn
1021 781 1046 841 si
1059 780 1127 842 talio
1141 789 1188 840 est
1200 780 1372 855 interroges
1392 797 1460 839 eum

142 886 168 945 si
186 883 329 961 fugitivus
354 884 410 959 sit,
439 883 507 962 quin
530 900 590 943 non
614 880 703 943 licent
723 883 935 961 poenitentiam
949 900 1042 960 agere
1055 891 1211 962 antequam
1223 901 1259 942 se
1272 880 1458 944 reconciliet.

142 985 226 1047 Fene
238 984 285 1046 iac
297 1002 363 1045 eum
378 985 515 1046 confiteri
531 985 629 1046 omnin
643 993 766 1064 peccata
778 1002 831 1047 sua
844 985 885 1044 ita
898 983 1042 1046 dicendo:

243 1095 373 1168 Fecisti
393 1096 586 1169 omicidium
605 1101 663 1163 aut
684 1115 767 1165 casu
788 1103 845 1163 ant
866 1093 989 1165 nolens
1009 1102 1067 1163 aut
1083 1115 1148 1187 pro
1166 1093 1316 1164 vindicta
1334 1090 1459 1187 pbren-

83 1278 86 1284 ,
140 1207 213 1270 tum
238 1207 297 1268 aut
320 1201 591 1293 periussionem
613 1194 752 1265 Domini
776 1197 826 1265 tui
851 1202 909 1264 aut
927 1196 963 1264 in
982 1194 1121 1290 publico
1143 1194 1237 1265 bello
1260 1194 1322 1267 vel
1338 1193 1460 1265 facere

140 1300 285 1372 voluisti
316 1311 351 1371 et
381 1322 451 1372 non
477 1299 636 1395 potuistis
671 1298 820 1391 quinque
847 1296 1001 1368 nuttios
1029 1296 1093 1369 ved
1119 1295 1345 1392 quadraginin
1373 1295 1456 1369 dies.

143 1398 306 1475 Similiter
324 1405 354 1474 si
376 1423 518 1475 servum
540 1398 705 1472 occiderit
732 1397 819 1471 duos
846 1419 965 1471 annos.
1179 1438 1185 1446 ·

244 1517 373 1592 Fecisti
400 1521 588 1616 periurium
605 1541 668 1614 per
689 1516 907 1613 cupiditatem
929 1517 1060 1590 saeculi
1080 1526 1138 1587 aut
1156 1528 1296 1589 coactus
1314 1514 1376 1588 vel
1392 1535 1457 1610 pro

141 1622 347 1694 necessitate
368 1622 429 1694 ved
447 1642 511 1717 pro
531 1624 601 1694 vita
622 1628 802 1717 parentum
828 1629 887 1691 aut
907 1623 1066 1695 nesciens
1084 1628 1142 1691 aut
1162 1621 1192 1692 si
1215 1620 1335 1690 alios
1324 1639 1362 1687 m
1380 1638 1458 1711 per-

39 1755 42 1760 ·
136 1712 265 1795 iuriam
288 1723 452 1796 induxisti
469 1725 619 1797 scienter
636 1732 768 1818 septem
788 1743 896 1796 annos
912 1723 973 1794 vel
990 1731 1060 1794 tres
1077 1730 1114 1793 et
1131 1722 1355 1816 quadraginta
1373 1717 1456 1791 dies.

245 1841 373 1915 Fecisti
403 1841 530 1912 furtum
556 1842 668 1916 idest
694 1842 910 1913 effracturam
936 1841 1169 1937 quadrupedia
1193 1841 1254 1913 vel
1277 1839 1458 1910 fortiorem

142 1964 281 2016 causam
301 1944 495 2014 valentem:
518 1942 650 2017 solidos
671 1928 894 2038 quadraginta
914 1944 975 2015 vel
997 1953 1142 2017 centum.
1182 1943 1305 2015 Annos
1325 1950 1458 2042 septem

140 2045 202 2115 vel
234 2046 391 2138 quinque
444 2043 488 2115 Et
508 2044 551 2115 de
575 2045 764 2119 minoribus
788 2045 888 2118 fbrtis
915 2067 1041 2126 annum
1066 2067 1172 2118 unum
1196 2044 1348 2119 veltres
1376 2063 1458 2136 qua-

143 2143 354 2236 dragesimas
380 2168 444 2218 seu
466 2154 500 2216 et
527 2146 749 2240 quadraginta
771 2145 853 2217 dies.

244 2246 373 2318 Fecisti
392 2247 595 2318 adulterium
618 2270 695 2319 cum
720 2270 833 2320 uxore
860 2249 971 2319 aliena
992 2257 1051 2319 aut
1071 2240 1149 2320 eum
1171 2256 1344 2343 sponsata.
1390 2243 1458 2316 vel

140 2349 312 2439 virginem
339 2350 521 2444 corrupisti
547 2359 605 2420 aut
624 2372 701 2420 cum
723 2361 840 2422 sancta
865 2351 1015 2420 moniale
1041 2352 1102 2423 vel
1127 2351 1204 2422 Deo
1229 2349 1339 2419 dicata
1362 2350 1457 2440 quin-

141 2470 208 2547 que
238 2450 298 2522 vel
327 2459 397 2524 tres
424 2473 542 2524 annos.
594 2449 748 2548 Nupsisti
780 2474 857 2523 cum
882 2473 995 2522 uxore
1013 2463 1071 2524 ιιι
1096 2463 1191 2525 ιιιιο
1218 2451 1279 2523 vel
1299 2472 1377 2521 cum
1399 2472 1457 2519 au-

7 2558 12 2567 '
142 2549 222 2623 cilia
248 2550 299 2622 XI
324 2552 409 2624 dies.

242 2653 370 2727 Fecisti
389 2653 652 2727 fornicationem
672 2658 759 2729 sicut
779 2653 978 2728 Sodomitae
996 2655 1155 2727 fecerunt
1173 2654 1234 2726 vel
1255 2653 1457 2725 cumfratre

139 2755 200 2827 vel
218 2777 297 2826 cum
318 2765 427 2828 matre
443 2756 505 2827 vel
523 2778 601 2827 cum
617 2757 802 2852 pecoribus
820 2758 880 2830 vel
894 2758 968 2830 ullo
985 2760 1124 2850 ingenio
1136 2754 1167 2854 ¹)
1189 2757 1382 2853 quindecim
1400 2767 1458 2827 aut

127 2855 322 2932 ,duodecim
348 2855 407 2928 vel
429 2866 562 2951 septem
588 2878 697 2930 annos
723 2861 784 2931 vel
809 2882 922 2931 unum.

184 2972 186 2980 ’
242 2953 367 3030 Dixisti
383 2955 508 3030 falsum
525 2961 755 3033 testimonium
772 2984 835 3057 per
850 2962 1079 3058 cupiditatem,
1098 2964 1212 3035 sciens
1226 2956 1285 3032 aut
1296 2962 1457 3035 nesciens

138 3067 212 3133 tres
239 3059 297 3130 vel
320 3058 406 3131 duos
428 3060 488 3133 vel
510 3082 634 3132 annum
657 3085 769 3135 uuum.
1247 3103 1250 3108 ·

243 3159 447 3234 Percussisti
478 3160 650 3234 hominem
678 3176 714 3237 ut
750 3167 889 3256 sanguis
919 3167 1031 3235 exiret
1056 3162 1099 3235 ab
1126 3164 1264 3236 bomine
1288 3164 1349 3236 vel
1375 3184 1456 3235 ossa

138 3260 276 3363 fregisti
293 3283 416 3334 annum
434 3284 537 3336 nuum
553 3265 614 3338 vel
631 3267 855 3360 quadraginta
871 3266 953 3338 dies.
982 3263 1162 3340 Truncasti
1182 3288 1214 3337 er
1204 3265 1334 3337 ullum
1347 3286 1453 3335 mem-

138 3361 238 3436 brum
258 3367 436 3458 propter
426 3387 512 3438 uam
538 3388 646 3440 annos
672 3378 754 3442 tres

243 3463 353 3539 Odisti
371 3466 512 3542 fratrem
533 3479 627 3542 tuum
648 3471 838 3567 quamdiu'
828 3491 864 3541 ιι
880 3472 956 3566 ipso
966 3460 1059 3541 odio
1077 3469 1191 3560 fuisti,
1224 3469 1352 3542 tamdiu
1370 3491 1457 3566 poc-

139 3567 285 3641 nitens
275 3590 310 3639 m
335 3591 425 3662 pane
448 3581 482 3642 et
503 3594 601 3667 aqua

241 3668 296 3741 De
311 3672 497 3759 munisterio
517 3673 688 3746 ccclesiae
707 3673 904 3748 abstraxisti
922 3673 1063 3769 aliquid,
1082 3637 1261 3748 detraxisti
1272 3675 1382 3746 ulium
1396 3674 1457 3745 bo-

137 3771 263 3842 minem
285 3781 343 3844 aut
364 3776 537 3847 seniorem
559 3776 619 3846 vel
634 3775 679 3847 ad
695 3787 857 3872 parentes
874 3787 1015 3873 propter
1034 3775 1197 3846 invidiam
1212 3798 1338 3848 anuum
1352 3798 1459 3847 unum

87 3953 90 3959 ,
137 3872 198 3946 vel
221 3872 444 3967 quadraginta
472 3877 554 3950 dies

239 3973 393 4071 Nupsisti
415 4001 492 4050 cum
513 4002 626 4050 uxore
648 3989 706 4051 ιιι
727 3990 785 4053 ιιι
807 4002 884 4051 cum
905 3979 972 4049 alia
992 3978 1118 4052 femina
1139 3978 1364 4073 quandraginta
1381 3942 1461 4053 dies

137 4087 372 4173 antepartum
398 4082 456 4154 vel
479 4093 557 4177 post
577 4095 711 4177 partum
735 4082 958 4177 quadraginta
982 4081 1055 4156 dies
1081 4084 1280 4177 poeniteas.

239 4179 393 4275 Nupsisti
419 4183 474 4263 die
496 4183 669 4256 dominico
693 4207 797 4258 unum
823 4184 914 4255 diem
937 4184 1001 4256 vel
1021 4192 1124 4257 tres·

238 4281 386 4358 Violasti
412 4286 571 4389 sepulcra
597 4296 738 4384 propter
764 4287 892 4359 furtum
911 4307 1020 4360 annos
1043 4297 1114 4359 tres
1142 4267 1198 4357 aut
1226 4286 1322 4359 duos

144 4456 354 4470 *—

199 4551 228 4629 1)
243 4555 263 4610 1.
280 4572 303 4613 e.
318 4558 400 4612 modo
416 4557 529 4617 insolito
546 4563 627 4631 atque
641 4557 810 4629 artificioso,
827 4575 928 4634 spurce
943 4567 1031 4621 umen
1047 4576 1079 4625 ιι
1094 4558 1259 4617 detestabili.
1349 4637 1351 4642 Ι
