3202 5176
847 282 895 352 14

518 465 585 536 Per
607 466 719 538 omnia
741 468 881 540 saecula
903 465 1132 541 saeculorum.

517 567 639 640 Arnen.

517 669 684 744 Dominus
711 669 900 745 vobiscum.

516 769 561 841 Et
586 794 664 843 cum
691 775 812 869 spiritu
836 783 906 845 tuo.
1026 841 1029 847 .

516 870 664 946 Sursum
690 875 796 947 corda

517 973 693 1050 Habemus
716 977 760 1049 ad
782 977 974 1050 Dominum.

518 1074 654 1152 Gratias
680 1102 823 1173 agamus
845 1079 994 1151 Domino
1017 1076 1095 1148 Deo
1117 1089 1247 1153 nostro.
1295 1153 1297 1157 .

517 1178 667 1272 Dignum
690 1192 725 1254 et
747 1186 872 1257 iustum
894 1190 958 1254 est.

308 1393 384 1467 XII.
438 1395 534 1469 Vere
558 1398 697 1492 dignum
720 1410 755 1472 et
777 1403 903 1474 iustum
925 1408 997 1488 est,
1026 1419 1174 1493 aequum
1201 1406 1236 1469 et
1254 1391 1434 1495 jsalutare‚
1457 1419 1525 1471 nos

206 1497 268 1571 tibi
287 1522 426 1595 semper
447 1511 482 1570 et
502 1499 630 1595 ubique
654 1505 782 1596 gratias
806 1524 932 1596 agere,
961 1500 1112 1572 Domine
1129 1510 1266 1589 sancte,
1289 1501 1393 1572 Pater
1416 1503 1525 1571 omni-

205 1612 343 1698 potens,
370 1611 511 1674 aeterne
531 1602 640 1693 Deus,
663 1628 728 1701 per
748 1603 918 1678 Christum
937 1604 1120 1675 Dominum
1140 1612 1315 1693 nostrum‚
1337 1624 1526 1698 perquem

204 1703 421 1778 Maiestatem
444 1715 536 1776 tuam
562 1702 702 1778 laudant
718 1707 868 1800 Angeli‚
892 1706 1037 1778 adorant
1062 1704 1342 1795 Dominationes‚
1372 1714 1538 1777 tremunt

67 1800 74 1809 ’
204 1807 418 1897 Potestates‚
447 1805 555 1887 Coeli¹
575 1810 822 1905 coelorumque
843 1807 998 1887 Virtutes
1026 1830 1068 1881 ac
1093 1807 1194 1879 beata
1221 1804 1401 1903 Seraphim
1427 1811 1526 1882 socia
1577 1820 1581 1827 '

205 1909 418 1979 exultatione
439 1912 693 1983 concelebrant.
747 1911 833 1983 Cum
856 1911 977 2005 quibus
1000 1920 1035 1980 et
1055 1919 1193 1984 nostras
1210 1930 1320 1982 voees
1339 1908 1525 1982 utadmitti

204 2010 324 2084 iubeas
339 2012 578 2105 deprecamur,
597 2014 743 2109 supplici
756 2013 976 2085 confessione
990 2012 1163 2085 dicentes:
1186 2010 1346 2103 Sanetus,
1361 2010 1524 2103 sanctus,

206 2111 355 2186 Sanctus
378 2111 644 2188 DominusDeus
666 2114 828 2188 Sabaoth.
874 2114 974 2186 Pleni
996 2124 1074 2189 sunt
1097 2112 1198 2186 Coeli
1221 2125 1256 2187 et
1279 2115 1391 2187 Terra
1411 2117 1525 2210 gloria

204 2223 273 2286 tua.
320 2213 458 2286 Osanna
479 2218 515 2285 in
537 2216 698 2292 excelsis.
744 2216 954 2292 Benedictus
975 2220 1033 2313 qui
1049 2219 1145 2288 venit
1165 2220 1201 2289 in
1220 2221 1359 2290 nomine
1373 2219 1521 2292 Domini.

209 2315 347 2390 Osanna
368 2320 404 2389 in
426 2318 587 2393 excelsis.
884 2332 887 2338 '
1089 2328 1095 2337 '

254 2490 258 2495 .
307 2418 399 2490 ΧΙΗ.
455 2420 506 2491 Te
537 2423 643 2514 igitur
676 2421 941 2495 clementissime
971 2420 1075 2491 Pater
1103 2443 1168 2517 per
1202 2419 1317 2495 lesum
1350 2417 1522 2493 Christum

204 2521 328 2593 Fihum
354 2532 450 2593 tuum
480 2522 664 2594 Dominum
696 2534 872 2612 nostrum,
906 2522 1080 2618 supplices
1112 2545 1277 2617 rogamus
1307 2532 1341 2593 et
1373 2525 1522 2617 petimus

203 2626 252 2696 uti
272 2635 415 2720 accepta
435 2625 564 2699 habeas
592 2635 627 2697 et
648 2625 834 2699 benedicas
867 2625 955 2697 haee
984 2631 1011 2719 †
1044 2625 1152 2716 dona,
1186 2625 1273 2697 haec
1305 2627 1331 2716 †
1363 2643 1521 2715 munera,

203 2727 290 2799 haec
316 2731 343 2820 †
370 2739 489 2800 saneta
515 2727 683 2801 sacrificia
714 2727 863 2799 inlibata.
922 2727 1104 2824 Inprimis
1137 2748 1226 2821 quae
1255 2723 1315 2796 tibi
1344 2723 1522 2800 offerimus

202 2849 267 2923 pro
300 2827 460 2901 Ecclesia
488 2838 548 2899 tua
576 2839 695 2903 sancta
723 2827 918 2921 Catholici,
957 2853 1057 2924 quam
1092 2827 1294 2925 pacificare,
1331 2827 1521 2918 custodire,

203 2930 355 2999 adunare
374 2939 409 3000 et
427 2953 554 3023 regere
581 2931 734 3025 digneris
767 2943 840 3005 toto
875 2933 960 3005 orbe
986 2943 1156 3003 terrarum
1184 2951 1252 3000 una
1287 2952 1364 2999 eum
1390 2929 1521 3015 famulo

201 3040 262 3103 tuo
283 3031 376 3126 Papa
396 3042 516 3106 nostro
541 3030 633 3130 (illo)
663 3044 697 3105 et
723 3039 872 3109 antistite
894 3045 1014 3108 nostro
1039 3030 1132 3129 (illo)
1157 3042 1191 3103 et
1218 3032 1373 3104 omnibus
1402 3033 1520 3105 ortho-

87 3198 95 3215 ,
202 3133 303 3207 doxis
333 3144 437 3230 atque
457 3133 655 3207 Catholicae
678 3147 713 3208 et
734 3138 963 3234 Apostolicae
989 3134 1088 3206 Fidei
1110 3134 1309 3220 cultoribus.

84 3320 89 3326 ³
303 3235 396 3308 XIV.
436 3236 611 3310 Memento
633 3239 781 3311 Domine
807 3240 1015 3311 famulorum
1037 3238 1309 3336 famularumque
1328 3248 1462 3308 tuarum
1485 3249 1521 3310 et

153 3356 157 3361 ·
199 3340 351 3410 omnium
371 3341 718 3432 circumadstantium,
741 3364 887 3437 quorum
907 3339 968 3413 tibi
985 3339 1069 3413 fides
1085 3346 1223 3433 cognita
1242 3350 1294 3413 est
1309 3350 1343 3410 et
1362 3350 1443 3411 nota
1458 3340 1520 3412 de-

196 3443 294 3512 votio
311 3443 516 3537 proquibus
532 3444 594 3514 tibi
620 3444 796 3516 offerimus
815 3446 875 3516 vel
899 3445 957 3538 qui
975 3441 1036 3513 tibi
1063 3442 1209 3514 offerunt
1229 3443 1296 3513 hoc
1315 3442 1520 3515 sacrificium

196 3541 308 3616 laudis
329 3566 394 3639 pro
418 3568 459 3618 se
479 3549 619 3642 suisque
647 3546 816 3634 omnibus,
839 3568 903 3642 pro
927 3545 1141 3616 redemtione
1161 3548 1348 3617 animarum
1367 3567 1520 3636 suarum,

196 3666 353 3740 prospe
383 3646 502 3720 salutis
529 3659 564 3721 et
590 3650 833 3722 incolumitatis
863 3671 966 3740 suae,
1000 3649 1131 3744 tibique
1165 3648 1314 3720 reddunt
1343 3657 1426 3718 vota
1456 3670 1519 3721 sua

196 3756 339 3819 aeterno
362 3748 440 3822 Deo
466 3753 550 3822 vivo
574 3761 609 3822 et
633 3774 731 3824 vero.

300 3849 376 3922 XV.
432 3850 730 3926 Communicantes
765 3864 801 3925 ct
835 3857 1035 3926 memoriam
1078 3849 1286 3924 venerantes
1326 3854 1361 3922 in
1399 3854 1519 3947 primis

199 3951 376 4046 gloriosae
399 3978 536 4052 semper
557 3956 710 4050 Virginis
733 3953 877 4047 Maiae,
903 3954 1085 4028 Genitriois
1105 3955 1172 4025 Dei
1196 3965 1230 4026 et
1252 3952 1389 4024 Domini
1408 3957 1520 4028 nostri

177 4048 280 4130 'lesu
307 4054 431 4130 Christi
455 4058 518 4132 sed
547 4068 581 4130 et
609 4058 790 4130 beatorum
815 4058 1069 4153 Apostolorum
1096 4065 1137 4127 a'c
1162 4055 1352 4150 Martyrum
1379 4066 1518 4129 tuorum

198 4158 305 4249 Petri,
332 4159 442 4251 Pauli,
468 4162 647 4252 Andreae,
670 4160 799 4250 lacobi‚
819 4159 992 4252 lobannis
1016 4159 1182 4249 rhomae,
1206 4157 1334 4250 Iacchi,
1358 4160 1518 4256 Philippi,
1571 4223 1573 4226 ,

209 4305 412 4318 -ι-

286 4390 317 4469 1)
328 4397 425 4471 Incipit
441 4398 535 4454 Canon
545 4398 680 4454 Actionis.
709 4398 821 4454 Sursum
835 4397 920 4454 eorda
935 4406 987 4453 ete.
1074 4391 1106 4470 2)
1118 4397 1174 4453 VD.
1186 4403 1213 4452 et
1225 4397 1322 4453 iustum
1335 4404 1376 4454 est
1393 4415 1516 4469 aequum.

201 4476 230 4553 3)
247 4480 362 4550 Syratin.
448 4480 479 4557 4)
495 4483 610 4537 Sanctus
623 4483 736 4538 Sanctus
751 4483 876 4540 Sanctus.
962 4479 994 4557 5)
1006 4489 1033 4538 et
1046 4481 1065 4546 †
1076 4481 1224 4537 benedicas
1238 4483 1306 4538 haec
1323 4482 1340 4547 †
1363 4484 1433 4538 dona
1448 4485 1518 4539 haee

201 4561 344 4624 hmunera
359 4568 428 4624 haec
438 4575 534 4625 sancta
548 4565 713 4632 †saorihcia
727 4566 746 4634 't
759 4568 882 4630 inlibata.
968 4566 999 4644 6)
1013 4575 1068 4628 ant.
1080 4584 1107 4624 n.
1121 4567 1161 4625 itt.
1179 4567 1321 4641 episcopo.
1402 4566 1433 4644 7)
1452 4584 1517 4624 suae
