3202 5176
756 299 827 375 251
857 385 859 389 ⁷

242 488 281 553 Bt
301 492 492 569 prosequitur
511 488 633 551 sedens:
657 481 754 554 Deus
780 493 815 554 et
836 482 939 553 Pater
966 482 1102 554 Domini
1120 485 1228 554 nostri
1249 482 1329 555 lesu
1353 480 1448 554 Chri-

113 573 117 591 '
137 583 197 671 sti,
217 585 274 676 qui
293 594 327 654 te
348 582 390 653 ad
405 581 623 656 Pontificatus
640 584 817 656 sublimari
834 584 944 655 voluit
965 586 1173 676 dignitatem,
1194 588 1268 678 ipse
1285 595 1320 655 te
1334 583 1448 656 Chris-

138 692 229 755 mate
248 694 283 755 et
302 687 468 778 mysticae
489 683 705 758 delibutionis
724 685 860 778 liquore
880 685 1062 779 perfundat
1082 696 1116 756 et
1134 688 1317 779 spiritualis
1337 684 1367 775 i
1389 686 1449 757 he-

139 785 344 858 nedictionis
366 784 521 861 ubertate
541 785 722 859 fecundet:
746 787 908 880 quidquid
930 787 1198 860 sanctificaveris
1221 788 1449 886 sanctificetur

141 896 176 961 et
202 897 426 961 consecratae
451 909 571 960 manus
603 890 700 961 istius
725 887 786 960 vel
820 889 957 983 pollicis
990 893 1160 986 impositio
1188 892 1320 963 cunctis
1346 886 1448 985 proli·

139 989 209 1059 ciat
229 988 273 1059 ad
294 988 448 1061 salutem.
492 994 534 1080 Pp.
561 988 684 1063 Amen.
749 1032 756 1043 .

244 1098 326 1173 'inne
345 1097 379 1160 G.
400 1099 550 1163 benedicit
567 1100 704 1164 baculum
721 1101 917 1180 pastoralem,
935 1102 960 1162 si
981 1120 1041 1163 non
1061 1101 1100 1162 sit
1121 1101 1313 1178 benedictus,
1334 1101 1448 1162 dicem:

142 1188 307 1264 (iremusz
334 1191 551 1264 sustentator
591 1193 830 1265 imbecillitatis
853 1192 1020 1263 humanae
1045 1194 1155 1280 Deus.
1177 1189 1369 1284 heneidic
1390 1193 1449 1263 ha·
1491 1222 1497 1231 ·

140 1293 256 1363 culum
277 1294 377 1366 istum
405 1305 440 1367 et
461 1293 554 1388 quod
579 1297 615 1366 in
640 1317 684 1367 eo
712 1297 865 1366 exterius
893 1295 1103 1386 designatur,
1126 1297 1322 1368 interiusin
1346 1296 1450 1364 mori-

140 1392 205 1466 bus
230 1394 329 1466 huius
355 1393 473 1469 famuli
497 1398 547 1469 tui
569 1407 650 1467 tuae
674 1398 921 1490 propitiationis
948 1397 1128 1467 clementia
1156 1406 1328 1491 operetur.
1382 1396 1450 1467 Per

142 1491 312 1568 Christum
334 1495 515 1566 Dominum
540 1506 704 1569 nostrum
744 1502 799 1586 B.
822 1495 945 1568 Amen.
998 1506 1114 1568 Deinde
1133 1507 1212 1567 illum
1230 1508 1363 1586 aspergit
1376 1524 1450 1584 aqna

141 1604 308 1667 benedicta.
346 1604 418 1666 'lum
442 1606 568 1681 sedens,
587 1607 670 1668 solus
691 1607 779 1667 tradit
798 1606 879 1667 illum
900 1616 1073 1669 consecrato
1091 1626 1189 1667 coram
1207 1608 1382 1684 genuflexo,
1404 1626 1449 1667 ca·

140 1707 342 1785 pientilpsnm
358 1707 436 1767 inter
449 1707 561 1768 indices
576 1717 606 1767 et
620 1707 733 1768 medios
748 1707 860 1783 digitos
871 1708 1003 1768 manibus
1017 1725 1077 1767 non
1092 1708 1264 1783 disiunctis,
1286 1707 1449 1768 Consecra-

142 1816 209 1867 tcre
229 1806 364 1869 dicente:
389 1798 523 1894 Accipe
549 1799 707 1871 haculum
729 1799 911 1894 pastoralis
935 1799 1052 1887 oflicii,
1078 1810 1115 1870 ut
1142 1803 1188 1873 sis
1215 1803 1249 1869 in
1272 1792 1450 1890 corrigen-

142 1898 194 1972 dis
215 1901 306 1971 vitiis
326 1901 382 1994 pie
409 1903 589 1989 saeviens,
622 1901 782 1971 indicium
809 1903 883 1975 sine
908 1904 959 1972 ira
981 1912 1122 1989 tenens,
1143 1905 1178 1972 in
1197 1901 1358 1974 fovendis
1380 1904 1450 1971 vir-

139 2000 267 2075 tutibus
300 2001 492 2073 auditorum
525 2005 656 2076 animos
685 2002 905 2091 demulcens,
933 2005 968 2074 in
989 2004 1234 2096 tranquillitate
1255 2001 1449 2076 severitatis

140 2125 320 2176 censuram
340 2125 411 2175 nou
434 2102 608 2176 deserens.
655 2109 699 2195 th.
723 2104 846 2175 Amen.
856 2101 888 2200 1)

245 2213 311 2288 Quo
330 2215 409 2275 lucto
423 2216 519 2292 surgit
534 2219 564 2275 c.
580 2224 610 2275 et
624 2215 773 2278 benedicit
786 2215 925 2276 annulum
942 2214 968 2275 si
982 2232 1042 2277 non
1056 2215 1094 2274 sit
1107 2214 1188 2294 prius
1202 2215 1393 2290 benedictus,
1408 2214 1449 2275 di-

141 2331 228 2379 cem:
244 2303 399 2380 Oramus.
428 2303 572 2378 Creator
591 2317 626 2378 et
643 2317 870 2384 conservator
887 2307 1023 2378 humani
1040 2309 1193 2397 generis,
1207 2308 1304 2378 dator
1319 2309 1450 2399 gratiae

141 2407 347 2499 spiritualis,
378 2407 523 2498 largitor
549 2417 712 2479 aeternae
738 2408 876 2496 salutis,
898 2419 935 2479 tu
954 2407 1101 2478 Domine
1123 2411 1239 2479 emitte
1264 2405 1450 2498 heneidi-

116 2546 117 2550 =
143 2509 291 2578 ctionem
313 2517 405 2579 tuam
427 2530 531 2602 super
551 2508 641 2580 hunc
659 2510 838 2579 annulume
861 2520 898 2579 ut
907 2512 1114 2603 ¹quicumque
1130 2507 1196 2579 hoc
1208 2520 1450 2582 sacrosanctae

141 2607 221 2685 fidet
234 2612 334 2701 siguo‘
347 2611 527 2700 insignitus
541 2612 733 2697 incesserit
747 2612 781 2679 in
793 2613 920 2682 virtute
936 2609 1097 2681 coelestis
1113 2608 1322 2681 defensionis
1336 2610 1379 2679 ad
1393 2632 1450 2679 ae-

140 2720 272 2783 ternam
281 2715 387 2783 vitam
397 2710 631 2806 sibiproficiat.
647 2711 714 2783 Per
722 2709 892 2784 Christum
900 2712 1082 2782 Dominum
1091 2719 1254 2782 nostrum.
1269 2715 1311 2801 lie.
1326 2711 1448 2781 Amen.

143 2820 216 2882 Tum
236 2824 369 2902 aspergit
389 2824 484 2902 ipsum
507 2822 643 2883 annulum
657 2841 732 2902 aqua
746 2822 918 2899 benedicta,
939 2821 1025 2882 sedet
1039 2830 1069 2881 et
1082 2821 1164 2882 solus
1178 2822 1315 2882 annulum
1329 2824 1358 2880 in
1373 2822 1451 2898 digi-

143 2932 202 2983 tum
220 2925 389 2985 annularem
402 2925 543 2988 dexterae
559 2942 658 2985 manus
671 2920 845 2984 Consecrati
859 2923 986 2984 immittit
1000 2922 1117 2982 dicens:
1137 2913 1270 3008 Accipe
1289 2915 1450 2984 annulum

98 3062 102 3069 ·
142 3013 232 3086 lidei
248 3018 379 3090 scilicet
398 3015 612 3108 signaculum
639 3026 805 3109 quatenus
828 3037 989 3110 sponsam
1008 3014 1093 3104 Dei‚
1115 3025 1267 3087 sanctam
1287 3016 1451 3087 videlicet

143 3119 339 3207 ecclesiam,
360 3120 558 3189 intemerata
578 3117 645 3189 fide
669 3128 809 3191 ornatus
830 3117 961 3188 ilhhate
980 3117 1162 3190 custodias.
1217 3118 1257 3189 R.
1281 3112 1449 3212 Amen.²)

143 3301 349 3312 *—

142 3404 232 3477 gorii,
249 3406 282 3462 ab
294 3406 450 3476 Binterimio
461 3406 545 3463 allati.
556 3406 695 3464 Paullatim
711 3405 791 3463 ritum
801 3405 961 3461 hodiernum
972 3404 1000 3460 in
1012 3404 1129 3460 ecelesia
1144 3406 1296 3463 obtinuisse
1307 3407 1451 3462 confirma-

144 3494 188 3544 tur
198 3496 343 3561 practerea
353 3490 485 3546 libmrnm
496 3490 630 3547 ritualium
641 3492 668 3547 in
683 3492 737 3546 hoc
752 3489 841 3562 eapite
853 3488 1022 3544 diversitate.

207 3586 236 3663 1)
252 3588 410 3645 Benedictio
425 3605 457 3645 ac
468 3591 608 3664 porrectio
620 3591 711 3648 Baculi
725 3591 778 3646 iam
792 3592 819 3647 in
831 3589 934 3646 Codice
944 3587 1052 3645 Ratoldi
1063 3595 1314 3646 commemorantur.
1344 3591 1452 3647 Bene·

143 3670 258 3728 dictio
272 3673 396 3729 Baculi
412 3675 535 3731 versibus
546 3675 711 3730 hexametris
726 3675 876 3745 composita
888 3681 931 3729 est
943 3673 995 3728 ita:

407 3753 452 3804 Tu
470 3752 576 3806 baculus
598 3761 704 3806 nostrae
720 3760 748 3805 et
765 3760 852 3806 rector
868 3769 916 3820 per
932 3750 1037 3804 saecule
1054 3751 1125 3805 vitoe

407 3821 489 3874 Istum
506 3822 645 3874 sanctifica
662 3821 771 3890 pietatis
788 3821 846 3872 iure
866 3820 986 3873 bacilium

407 3889 468 3950 Quo
487 3891 552 3944 ursle
570 3898 736 3957 sternantur,
756 3905 808 3958 qno
827 3906 930 3958 semper
947 3896 1019 3941 recta
1034 3896 1169 3956 regantur.

117 4035 119 4039 y
143 3959 295 4032 Sequuntur
307 3961 376 4018 duae
388 3963 521 4020 formulae
531 3966 559 4021 in
572 3965 743 4040 porrigendo
754 3965 871 4033 Baculo,
889 3980 1003 4035 quorum
1014 3965 1100 4020 altera
1113 3963 1147 4018 ad
1158 3963 1318 4020 hodiernam
1328 3964 1452 4034 proxime

142 4045 259 4104 accedit
1143 4095 1148 4105 .

204 4128 235 4204 2)
256 4129 331 4186 idem
343 4128 439 4187 codex
450 4130 558 4187 Ratoldi
579 4133 744 4191 mentionem
764 4132 831 4189 iacit
845 4131 935 4189 annuli
947 4131 1092 4204 pastoralis
1109 4128 1229 4207 (concil.
1243 4131 1301 4186 Tol.
1312 4129 1358 4187 lV.
1370 4144 1395 4182 c.
1407 4126 1452 4183 28.

144 4213 165 4269 1.
181 4213 216 4274 Α.
228 4214 358 4271 Schmidii
368 4214 439 4275 Disa-
453 4214 488 4271 de
502 4217 602 4275 annulo
616 4217 760 4288 pastorali,
771 4218 882 4275 llelmst
898 4216 972 4272 1705.
984 4211 1027 4290 4.)
1052 4214 1267 4287 Benedictio
1288 4212 1329 4266 ad
1347 4228 1453 4268 annu·

143 4296 210 4352 lnm
228 4297 407 4372 Episcopi.
435 4299 550 4357 Creator
568 4307 598 4356 et
618 4309 798 4358 conservator
818 4300 924 4357 humani
941 4299 1069 4371 generis,
1088 4299 1169 4355 dator
1185 4297 1293 4367 gratias
1312 4295 1452 4367 spiritalis,

143 4380 262 4450 largitor
272 4389 401 4441 aeternae
412 4383 507 4441 salutis
517 4403 524 4438 ι
536 4391 565 4441 tu
571 4385 686 4441 Domine
697 4385 822 4457 permitte
834 4384 1051 4441 benedictionem
1064 4391 1134 4438 tuam
1145 4398 1227 4452 snper
1238 4381 1452 4451 humunculum,

143 4472 284 4521 utermata
297 4464 444 4543 (armatus)
456 4467 557 4524 virtute
568 4469 701 4525 eoelestis
711 4469 880 4526 detensionis
898 4469 1024 4541 proficiat
1038 4467 1091 4523 illis
1103 4465 1168 4539 (illi)
1181 4466 1215 4520 ad
1227 4474 1365 4521 aeternam
1379 4464 1453 4521 salu·

143 4554 206 4603 tem.
232 4550 291 4605 Per.
326 4551 392 4609 llic
412 4553 516 4610 datur
534 4554 685 4610 annulus
706 4553 835 4625 digito.
859 4552 964 4626 Accipe
981 4566 1053 4621 ergo
1069 4551 1194 4606 annulum
1210 4548 1385 4607 discretionis
1399 4556 1453 4605 etc.
