3202 5176
804 325 876 396 242

185 516 219 583 in
244 512 369 599 Deum,
390 511 526 582 Patrem
550 509 812 604 omnipoionlem
836 518 900 580 elo.
955 517 1022 593 Quo
1044 519 1126 579 linito
1149 519 1181 585 P.
1203 517 1311 579 sedens
1336 517 1429 598 supei
1447 518 1500 580 ial-

187 625 340 689 distorium
361 631 428 683 ante
448 621 574 682 medium
602 620 702 682 altaris
724 622 849 700 imponit
862 619 961 680 ambas
976 639 1077 681 manus
1094 639 1187 700 super
1200 623 1296 700 capita
1314 620 1501 697 singolorum

187 745 285 792 ouran
312 742 349 786 eo
379 723 640 799 genuflectentium
670 721 772 783 dicens
798 722 934 784 cuilibet:
966 709 1100 807 Accipe
1126 711 1289 807 Spiritum
1318 712 1500 784 Sanctums

187 838 330 913 quorum
353 817 528 889 remiseris
546 823 689 912 peccata
709 816 924 891 remittentur
946 817 997 886 eis
1019 824 1054 884 et
1067 809 1220 908 'qnorum
1240 817 1424 888 retinueris
1446 836 1502 885 re-

187 929 286 992 tenta*
303 928 388 991 sunt.
405 966 409 975 ·

232 1010 235 1015 ⁵
289 1028 404 1092 Deinde
425 1026 577 1107 explicans
598 1025 725 1090 casulam
748 1045 833 1105 quarn
846 1026 1047 1105 unusquisqne
1063 1025 1153 1086 habet
1167 1043 1256 1105 super
1271 1025 1410 1086 humeros
1425 1043 1501 1086 com·

187 1132 324 1213 plicatum
345 1129 438 1192 induit
456 1129 506 1190 illa
521 1127 700 1207 quenlibet,
720 1127 847 1206 singulis
865 1127 968 1188 diceus
994 1115 1127 1190 Stolarn
1149 1120 1366 1188 innocentiae
1386 1118 1502 1188 induat

186 1235 222 1296 t'e
235 1224 412 1295 Dominus.
444 1229 481 1293 lit
495 1248 565 1291 mox
577 1230 777 1309 unusquisque
790 1232 897 1291 iterum
910 1227 946 1290 ad
963 1226 1136 1289 Pontificem
1150 1228 1266 1290 accedit
1279 1239 1310 1290 et
1324 1228 1501 1306 genuflexus

187 1336 275 1416 ponit
289 1344 389 1394 manus
404 1335 518 1391 iunctas
532 1332 610 1392 inter
623 1349 724 1391 manus
736 1330 887 1392 Pontificis
902 1331 1028 1391 dicentis
1044 1330 1175 1406 cuilibet,
1194 1331 1219 1391 si
1235 1349 1305 1390 suns
1320 1339 1366 1390 est
1380 1330 1501 1391 Ordina-

188 1437 250 1498 rius
272 1426 444 1498 Promittis
474 1423 556 1496 mibi
584 1433 617 1493 et
645 1422 906 1496 successoribus
925 1424 1011 1495 meis
1032 1425 1264 1495 reuerentiam
1282 1433 1317 1494 et
1340 1421 1501 1493 obedien-

186 1526 294 1601 liam‘?
342 1535 380 1610 tis
394 1535 445 1597 ille
460 1533 622 1612 respondet
636 1524 810 1596 Promitte.
839 1535 871 1594 Si
884 1552 958 1594 uero
971 1533 1004 1596 P.
1018 1552 1079 1594 non
1095 1542 1141 1594 cst
1155 1552 1225 1594 snus
1240 1533 1423 1610 Oromenus,
1437 1552 1501 1593 eum

189 1656 290 1707 manus
312 1655 415 1699 eornm
435 1637 512 1698 inter
529 1653 597 1697 suas
616 1644 712 1710 tenet,
726 1643 758 1696 ut
776 1636 959 1716 praeienur,
974 1635 1044 1696 dicit
1061 1635 1187 1712 singuiis
1200 1633 1388 1711 Presbyteris
1401 1653 1502 1695 saecu·

189 1740 300 1801 laribus
325 1729 496 1801 Promittis
518 1726 673 1799 Punnfiui
694 1725 875 1799 Ordinario
906 1738 965 1799 luo
991 1728 1055 1798 olo.
1101 1737 1233 1814 Singulis
1253 1755 1326 1798 vero
1346 1736 1500 1814 Regnlnri·

187 1841 241 1903 bus
263 1832 436 1903 Promittis
457 1829 618 1900 Praelata
640 1823 815 1901 ordinario
835 1839 895 1900 tuo
914 1839 978 1900 eia.
1002 1838 1040 1898 lis
1058 1839 1111 1900 itte
1136 1839 1300 1918 respondet
1324 1829 1500 1900 Promitte.

292 1941 376 2006 ‘lunc'
397 1939 429 2000 P.
452 1949 558 2002 tenens
578 1936 678 2002 mantis
696 1941 776 2001 illins
790 1941 869 2002 inter
885 1959 953 2001 suos
972 1939 1502 2020 osculaturunomquemqnedioeos:

188 2035 264 2106 Pax
282 2033 420 2103 Domini
441 2033 484 2104 sit
510 2053 647 2124 semper
671 2031 862 2103 vobiscum.
904 2041 941 2103 Et
954 2041 1008 2104 ille
1020 2042 1198 2123 respondet:
1217 2033 1342 2103 Amen.
1381 2040 1433 2102 liis
1449 2059 1499 2101 ex-

188 2143 446 2226 prorueremus
464 2141 685 2204 admonerem:
707 2131 794 2216 Quia
811 2155 870 2206 res
891 2155 993 2228 qusm
1010 2136 1187 2206 traotaturi
1213 2137 1298 2206 estis
1313 2134 1394 2207 satis
1408 2136 1501 2228 peri-

188 2237 308 2310 culoso
329 2244 395 2322 est,
415 2233 476 2305 filii
495 2234 722 2324 dilectissimi
743 2257 870 2307 moneo
889 2256 970 2325 ros
990 2246 1027 2306 ut
1054 2237 1237 2328 diligenter
1256 2237 1357 2307 lodus
1375 2237 1501 2307 mesae

189 2339 344 2413 ordinem
358 2345 460 2429 atque
473 2336 605 2409 hostiae
615 2341 910 2409 consecrationem
925 2337 1177 2409 subactionem
1186 2348 1224 2408 et
1230 2339 1502 2410 communionem

188 2441 231 2511 ab
258 2441 369 2512 aliis
360 2460 425 2506 ram
453 2438 563 2510 doctis
586 2435 832 2512 Sacerdotibus
858 2439 1010 2528 disosds,
1036 2442 1234 2535 priusquam
1260 2438 1304 2509 ad
1326 2437 1501 2575 celebrare

188 2541 268 2614 dnm
289 2540 428 2615 Missam
447 2539 628 2614 accedatis
1280 2584 1283 2589 -

289 2653 321 2713 Ρ.
336 2654 433 2729 surgit
446 2661 476 2715 et
491 2651 678 2727 Presbyteris
693 2669 793 2715 corani
806 2669 844 2714 eo
856 2649 955 2714 adbuc
965 2651 1134 2743 genuflexis
1147 2649 1297 2712 benedicis
1310 2650 1413 2712 dmeos
1426 2667 1502 2712 roeo

190 2755 385 2834 coumreott:
405 2743 609 2816 Benedictio
627 2744 694 2814 Dei
714 2745 955 2838 omnipotentis
972 2743 1022 2816 Pa
1035 2715 1080 2836 i
1079 2746 1144 2817 iris
1162 2754 1198 2814 et
1217 2742 1258 2814 lli
1271 2741 1304 2836 i
1317 2744 1354 2815 Μ
1373 2752 1408 2814 et
1428 2740 1502 2837 Spi-

188 2851 277 2918 ritus
294 2844 326 2936 i·
348 2842 467 2918 Sancti
484 2845 675 2918 descendat
690 2866 896 2938 supervos,
913 2855 950 2918 nt
969 2848 1041 2920 sitis
1061 2845 1260 2927 benedieti
1251 2867 1288 2916 m
1306 2845 1428 2917 ordine
1450 2866 1502 2916 ss

190 2947 359 3020 cerdetali
376 2957 413 3018 et
432 2946 584 3019 oderatis
601 2945 790 3039 placabiles
810 2947 942 3020 bestias
960 2969 1027 3044 pro
1046 2949 1200 3042 pmoatis
1219 2957 1323 3040 etque
1343 2947 1503 3019 offensio-

188 3049 288 3122 nibus
310 3049 428 3144 populi
456 3049 677 3141 omnipotenti
702 3047 879 3137 Demean
901 3057 959 3123 est
976 3048 1093 3125 horor
1114 3059 1148 3120 et
1173 3049 1288 3141 gloria
1308 3049 1502 3145 peremnia

189 3151 329 3225 saecula
356 3149 582 3222 saeculorum.
631 3154 674 3241 ib.
701 3148 824 3222 Arnen.

292 3260 368 3323 Post
387 3261 461 3322 haec
482 3260 522 3321 P.·
537 3263 720 3327 conuertitur
737 3262 775 3326 ad
793 3262 889 3327 altere
909 3272 942 3324 et
960 3263 1294 3342 prosequiturmisssm.
1322 3260 1409 3323 mero
1425 3249 1502 3318 Pla-

192 3362 269 3426 cent
298 3352 359 3426 tibi
386 3361 504 3425 sancta
538 3363 601 3423 eto.
654 3362 687 3428 Ρ.
719 3363 772 3428 dat
798 3363 1040 3445 benedictionem
1067 3364 1186 3428 sobiam
1211 3362 1328 3426 meus:
1361 3349 1501 3424 Sitne

192 3476 271 3527 met]
290 3455 427 3529 Domini
447 3453 665 3530 benedictum
687 3466 751 3529 eie.
799 3465 872 3530 Tum
891 3465 976 3530 sedet
994 3475 1027 3529 et
1039 3466 1199 3549 alloquitur
1212 3464 1363 3529 ordinatos
1376 3461 1424 3525 bis
1437 3480 1503 3523 rer·

194 3565 254 3627 bis:
281 3556 360 3630 Filii
386 3557 613 3645 dilectissimi,
642 3558 825 3650 diligenter
851 3559 1069 3633 considerate
1097 3559 1251 3632 ordinem
1276 3578 1341 3652 per
1361 3576 1430 3629 vos
1448 3577 1503 3628 su-

193 3668 347 3752 sceptum
369 3681 413 3730 ac
433 3679 519 3732 enus
545 3659 698 3733 humeris
715 3663 841 3734 vestris
863 3663 1075 3755 impositum:
1096 3661 1232 3734 studete
1251 3667 1370 3733 sanae
1393 3667 1428 3727 et
1448 3677 1502 3726 re-

193 3759 318 3851 ligiose
345 3763 468 3831 vivere
500 3770 601 3854 atque
623 3761 699 3833 Deo
733 3765 954 3857 omnipotenti
984 3764 1145 3858 placere,
1175 3772 1213 3832 ut
1241 3762 1386 3853 gretiam
1409 3779 1504 3831 suam

192 3863 330 3956 possitis
357 3861 538 3955 adquirere
557 3885 658 3957 quam
672 3866 751 3959 ipse
771 3864 872 3939 robis
893 3886 956 3960 per
975 3886 1074 3938 suam
1091 3863 1362 3937 misericordiam
1381 3882 1504 3931 conee-

193 3962 277 4035 dere
300 3963 467 4054 dignetur

297 4064 431 4157 Singuli
456 4066 499 4136 ad
521 4070 663 4161 primam
686 4077 861 4141 tonsuram
883 4067 942 4140 vel
961 4066 1003 4136 ad
1028 4079 1172 4161 quatuor
1198 4069 1350 4136 minores
1367 4062 1506 4134 ordines

193 4171 342 4262 promoti
366 4168 468 4237 dieise
487 4168 598 4241 semel
617 4166 682 4239 Vll
702 4170 875 4243 Psalmes
880 4169 1148 4271 poenitentiales
1163 4191 1241 4240 cum
1259 4167 1402 4254 litaniis,
1427 4187 1506 4235 ver-

195 4270 312 4345 siculis
335 4280 369 4340 et
392 4269 609 4343 orationibus.
653 4269 711 4342 Ad
730 4268 1019 4346 Subdiaconntum
1037 4270 1098 4344 vel
1115 4273 1340 4346 Diaconatum
1360 4266 1506 4338 Noctur-

195 4391 279 4451 num
307 4372 384 4449 talis
417 4368 524 4468 (ΗΘΜ)
575 4371 636 4454 do
661 4373 884 4470 Presbyternt
884 4397 943 4449 um
976 4396 1063 4449 vero
1091 4374 1239 4459 eedbrati
1261 4381 1340 4468 post
1364 4371 1507 4466 primam

209 4527 419 4543 ⁸—·-—·——

259 4586 288 4664 1)
311 4591 341 4646 ld
352 4599 395 4648 est
406 4593 524 4651 elicium
539 4596 693 4654 matutinum
704 4594 759 4652 diei
773 4609 826 4687 quo
839 4594 961 4652 ordimti·
970 4604 1040 4657 sunt.
