3202 5176
583 361 587 370 ·
676 339 755 409 331·

159 532 265 592 Postea
286 529 457 591 salvatoris
476 531 577 591 nostri·
599 533 731 592 crucifixi
748 531 906 609 imaginem
928 539 1052 610 aegroto
1075 529 1262 606 osculandam
1286 549 1390 612 prae»

54 621 177 719 beat,¹)
201 631 301 694 verbis
320 633 490 694 elhcacihus
511 651 577 694 eum
596 633 632 694 ad
645 653 728 715 spem
740 642 888 696 aeternae
901 633 1002 696 salutis
1018 628 1112 711 eridat
1130 635 1281 715 ipsamque
1300 635 1368 694 imo·

56 737 158 816 ginom
176 753 276 796 coram
291 753 328 796 eo
343 745 444 815 ponat,
459 745 490 796 ut
504 735 580 796 illam
595 736 762 817 adspiciens
776 736 878 798 salutis
892 754 964 797 suae
977 747 1177 817 spemfflsumat.

151 837 275 898 Deinde
295 856 419 898 accensa
440 825 621 925 candela,²)
648 826 776 917 panibus
799 839 971 901 hexis-cum
995 840 1130 902 omnibus
1156 839 1368 901 circumstanti-

54 941 111 1002 bus
127 941 236 1002 breues
250 940 375 1001 Litanias
392 939 501 1003 devote
515 944 622 1002 recitet
635 944 665 1003 in
680 943 756 1003 hunc
769 942 892 1003 modum.
900 931 933 1029 ³)

114 1070 117 1074 ·
158 1032 266 1128 llyrie
294 1033 437 1107 eleison.
494 1033 627 1108 Christe
655 1036 797 1128 eleison.
850 1035 958 1131 Kpnie
985 1036 1129 1111 eleison.

159 1134 286 1222 Sancta
308 1133 417 1207 Maria
539 1189 541 1193 -
747 1228 752 1237 ,
1129 1139 1198 1211 Ora
1225 1164 1288 1236 pro
1317 1163 1368 1212 eo.

159 1236 286 1312 Omnes
313 1242 420 1312 sancti
439 1239 569 1333 Angeli
595 1250 629 1311 et
655 1241 866 1334 Archangeli
1094 1241 1197 1314 Orate
1223 1265 1287 1338 pro
1316 1266 1368 1314 eo.

159 1338 286 1414 Sancte
307 1341 401 1412 Abel
453 1386 458 1393 -
1128 1344 1198 1416 Ora
1224 1367 1287 1440 pro
1316 1367 1368 1416 eo.

125 1442 271 1516 *Omnis
295 1443 420 1517 chorus
447 1447 614 1517 iustorum
897 1507 900 1514 .
986 1454 1021 1469 ·’
1129 1445 1198 1528 Ora
1224 1469 1288 1543 pro
1317 1470 1369 1519 eo.

159 1544 286 1618 Sancte
313 1544 494 1615 Abraham
702 1578 707 1588 ·
1129 1548 1198 1620 Ora
1224 1570 1288 1644 pro
1317 1572 1369 1620 eo.

158 1645 285 1720 Sancte
305 1644 453 1720 loannes
474 1646 626 1742 Baptista
1130 1649 1199 1721 Ora
1224 1671 1288 1745 pro
1316 1672 1369 1722 eo.

159 1746 439 1843 Sanetelosepb
548 1755 551 1762 '
712 1764 717 1773 ·
1041 1759 1044 1763 ’
1130 1749 1199 1821 Ora
1224 1767 1369 1845 pro'eo.

160 1848 287 1923 Omnes
308 1853 417 1923 sancti
434 1847 660 1922 Putriarchae
682 1859 715 1920 et
738 1847 954 1945 Prophetae·
1094 1849 1198 1923 Orate
1224 1875 1288 1948 pro
1316 1875 1368 1924 ee.
1478 1903 1490 1929 κ

158 1950 285 2026 Sancte
306 1943 421 2042 Petne,
444 1950 479 2026 S.
503 1951 624 2038 Paule,
648 1949 686 2024 S.
705 1951 859 2036 Andrea,
883 1951 916 2026 S.
937 1952 1084 2027 loannes
1126 1953 1194 2025 Ora
1221 1952 1285 2051 pro
1315 1977 1369 2026 eo.

157 2053 284 2126 Omnes
306 2057 416 2128 sancti
439 2054 601 2151 Apostoli
623 2064 656 2126 et
677 2045 924 2147 Evar‘rgelistae
1093 2055 1197 2129 Orate
1224 2080 1288 2151 pro
1315 2060 1381 2128 eo?

118 2155 284 2229 ¹Omnes
307 2159 417 2230 saneti
436 2156 605 2252 Discipuli
624 2157 761 2228 Domini
978 2213 983 2218 .
1093 2157 1198 2230 Orate
1223 2182 1287 2255 pro
1316 2181 1368 2232 eo.
1484 2189 1490 2203 ·

158 2257 285 2331 Omnes
309 2263 418 2332 sancti
437 2258 642 2348 innocentes
1094 2260 1198 2334 Orate
1223 2285 1287 2357 pro
1316 2284 1369 2333 eo.

40 2405 44 2413 ·
94 2382 102 2392 ·
157 2359 198 2433 S.
217 2358 411 2455 Stephane,
435 2359 470 2434 S.
494 2360 689 2431 Laurenti.
1129 2361 1198 2434 Ora
1223 2386 1288 2458 pro
1316 2382 1380 2436 eo:

159 2462 285 2535 Omnes
312 2465 420 2535 sancti
442 2461 614 2556 Martyres
656 2497 668 2513 ι
1095 2465 1199 2536 Orate
1225 2488 1288 2560 pro
1315 2487 1368 2537 eo.

158 2563 193 2638 S.
217 2562 413 2658 Syluester,
441 2563 475 2637 S.
501 2561 663 2656 Gregori,
690 2561 725 2636 S.
754 2563 948 2658 Augustius
982 2591 986 2599 ·
1128 2565 1197 2637 Ora
1222 2589 1286 2662 pro
1315 2590 1368 2638 eo.

130 2696 132 2701 ⁴
158 2665 285 2739 Omnes
305 2669 414 2739 saneti
436 2665 620 2739 Pontifices
642 2676 676 2737 et
696 2662 942 2741 Ocniessores·
1094 2667 1198 2739 Orate
1223 2690 1286 2764 pro
1315 2688 1368 2740 eo.

157 2767 192 2843 S.
217 2765 425 2859 Benedicte,
453 2767 487 2843 S.
512 2768 697 2843 Francisce
773 2816 776 2825 »
1125 2769 1198 2840 Ora
1223 2793 1287 2866 pro
1315 2782 1380 2842 eo.‘

159 2871 286 2945 Omnes
308 2875 416 2945 sancti
442 2871 601 2942 monachi
628 2882 662 2942 et
685 2874 848 2942 eremitae
1094 2871 1197 2943 Orate
1223 2894 1300 2984 pro.¹
1316 2895 1368 2945 eo.
1485 2909 1487 2919 ·

156 2972 199 3048 S.'
214 2972 322 3046 Maria
342 2973 568 3067 Magdalena,
596 2971 630 3045 S.
656 2972 760 3044 Lucia
826 3000 831 3013 ·
1093 2972 1162 3046 Ora
1185 2997 1247 3069 pro
1272 2972 1369 3073 eost)

158 3075 285 3148 Omnes
311 3087 450 3150 sanctae
469 3075 632 3168 Virgines
655 3085 690 3147 et
710 3075 844 3147 Viduas
881 3141 896 3155 ,.
1092 3076 1195 3148 Orate
1222 3100 1285 3172 pro
1314 3098 1367 3148 eo.

158 3176 286 3252 Omnes
310 3175 426 3251 Sancti
451 3188 485 3248 et
512 3177 661 3250 Sanctae
682 3177 749 3248 Dei
999 3177 1204 3251 Intercedite
1225 3201 1289 3278 pro
1314 3200 1366 3249 eo.

157 3279 330 3378 Propitius
357 3288 433 3352 esto
460 3278 570 3350 Parce
596 3282 628 3350 ei
652 3278 807 3351 Domine.

59 3439 265 3452 ...--..-..---

118 3515 148 3593 1)
166 3518 300 3589 Placebit,
323 3518 396 3591 quuod
411 3519 573 3590 praescribit
588 3518 682 3574 Codex
696 3517 878 3575 Flos-lacensis
893 3516 963 3590 opud
977 3516 1150 3573 llartenium:
1169 3516 1327 3590 Porrigutur
1343 3519 1369 3577 ei

57 3621 125 3661 crux
140 3610 169 3660 et
191 3603 328 3658 osculetur
343 3620 402 3658 eam
418 3609 446 3659 et
458 3610 548 3659 textus
561 3600 614 3678 (sc.
622 3599 781 3677 bibliorum)
791 3610 819 3658 et
830 3601 987 3658 dicaturei:
1010 3601 1097 3657 Ecce
1112 3603 1168 3658 lex
1183 3609 1247 3664 tua.
1264 3604 1368 3660 -l’lu-

55 3692 140 3746 rhnos
156 3690 271 3745 sanctos
287 3687 462 3746 devotissime
478 3688 509 3744 in
526 3687 797 3744 osculolloniini
813 3694 935 3744 mortuos
944 3702 1016 3756 esse,
1026 3686 1211 3744 demonstrant
1220 3689 1369 3745 eorundem

54 3777 132 3831 Acta.
162 3772 248 3830 Unam
262 3773 380 3829 sufficiat
395 3771 545 3846 exemplum
558 3774 585 3829 S.
604 3771 773 3828 Wolbcde'ni
786 3771 916 3843 Episcopi
931 3771 1097 3828 leodiensis.
1120 3772 1190 3829 Acta
1198 3775 1288 3831 Sauct.
1299 3775 1368 3830 Boll.
1466 3836 1468 3840 .

53 3859 141 3932 April.
150 3859 183 3913 ll.
199 3875 225 3930 p.
234 3856 288 3912 860
302 3858 436 3929 „Crucem
452 3857 613 3914 dominicam
628 3858 734 3929 accepit
748 3858 775 3912 in
791 3856 912 3913 manibus
927 3864 955 3912 et
969 3856 1035 3912 mira
1046 3858 1199 3929 dulcedine,
1215 3859 1313 3915 ellectu
1325 3857 1367 3913 in-

22 3954 26 3959 ’
56 3944 184 4018 explebili
199 3943 244 3997 diu
260 3943 446 4014 complectens
461 3942 598 4016 pedesque
608 3941 745 4013 crucifixi,
760 3957 853 3998 manus
869 3948 897 3998 et
911 3942 981 3998 latus
996 3942 1168 4015 exosculans,
1184 3942 1290 3999 Christo
1306 3940 1368 4013 Spl-

54 4031 135 4086 ritum
150 4027 281 4084 cmucilixo
296 4026 444 4086 reddidit.“
463 4054 465 4059 ·

118 4110 148 4189 b)
163 4113 280 4178 Difficile
295 4121 338 4170 est
351 4111 386 4168 ad
401 4111 582 4182 credendum,
605 4111 679 4184 quod
694 4128 708 4165 a
723 4110 860 4166 nonnullis
874 4111 1010 4182 relertur,
1035 4112 1087 4167 iam
1102 4112 1244 4184 apostolos
1259 4124 1368 4164 crucem

56 4204 84 4254 et
99 4199 228 4254 candelae
243 4199 323 4255 ritum
336 4197 492 4252 adhibuisse
505 4196 533 4251 in
548 4196 624 4253 obitu
638 4198 665 4253 S.
681 4195 818 4268 llurtbac,
834 4195 960 4267 hospitae
975 4196 1085 4254 Christi.
1284 4263 1286 4271 γ

119 4279 192 4352 3)1u
206 4284 321 4355 antiquis
336 4282 498 4338 membranis
513 4282 562 4337 has
577 4281 693 4337 litanias
709 4279 811 4336 vidisse
825 4287 938 4336 testatur
954 4279 1098 4350 Garrulus,
1115 4279 1237 4350 exceptis
1252 4279 1368 4334 nomici-

54 4368 105 4423 bus
129 4368 298 4437 quorundam·
309 4368 477 4427 Sanctorum.
509 4365 671 4423 benedictus
684 4365 745 4422 Xlll
759 4365 944 4437 superaddidit
958 4366 1002 4423 die
1016 4366 1156 4422 Deccmbr.
1174 4365 1207 4420 19
1221 4363 1283 4419 anni
1300 4363 1368 4419 utto

55 4450 197 4518 uomens.
216 4448 325 4524 Ioseph.
342 4454 384 4509 -ln
399 4451 515 4523 Agenda
531 4451 676 4531 lionaster.
699 4449 796 4507 desunt
809 4453 870 4506 hue
884 4451 1004 4508 litaniae
1026 4453 1140 4506 breves:
1163 4447 1367 4504 commendatur
1435 4519 1437 4524 Ι

55 4535 206 4594 timorate
221 4538 389 4595 sanctissimo
404 4537 511 4593 nomine
527 4538 596 4593 lesu.
756 4602 762 4609 ,

118 4619 148 4694 4)
162 4619 213 4675 ilit.
230 4621 391 4679 Treuirenre
407 4623 482 4680 addit
496 4624 523 4678 S.
543 4621 712 4679 catherinam
726 4638 760 4678 ac
773 4621 801 4680 S.
817 4621 950 4677 Theclam.
