3202 5176
746 354 824 428 410

142 545 244 629 cessit
272 542 313 616 ad
341 541 408 615 hoc
433 540 576 638 amplior
597 538 720 631 honor,
746 560 823 614 oum
847 536 956 616 Filius
975 548 1055 615 tuus
1074 535 1173 614 lesus
1196 531 1355 612 christus
1371 535 1442 611 llo·

140 651 249 722 minus
270 655 387 720 noster
407 645 517 717 lavari
537 664 575 718 sc
596 663 615 714 a
635 644 763 716 Ioanne
782 643 882 718 undis
898 641 1086 717 Iordanieis
1105 641 1296 735 exegisset,
1312 647 1352 711 ut
1368 637 1442 737 Spi-

138 752 206 823 ritu
235 746 360 824 Saucto
392 749 428 818 in
450 745 629 818 columbae
654 744 869 820 similitudine
895 745 1044 845 desuper
1067 746 1195 835 misso,
1231 745 1442 836 unigenitum

136 864 245 942 taum,
266 853 300 923 iu
323 871 391 946 quo
411 848 471 921 tihi
493 852 620 946 optime
638 849 887 946 complacuisse
907 850 1100 923 testimonio
1121 845 1361 942 subsequentis
1379 866 1442 917 uo-

140 956 188 1029 eis
210 953 424 1040 ostenderes,
444 959 479 1023 at
499 949 566 1023 hoc
584 950 668 1023 illud
686 973 764 1026 essa
782 949 1053 1026 manifestissime
1070 948 1330 1046 comprobares,
1353 947 1442 1044 qaod

134 1056 215 1128 'c'um
234 1056 317 1128 oleo'
335 1055 484 1144 laetitiae
502 1074 585 1150 prae
607 1052 822 1129 consortibus
841 1055 912 1128 suis
932 1052 1128 1148 ungendum
1147 1050 1260 1123 David
1276 1049 1443 1147 propheta

135 1160 327 1232 cecinisset.
369 1156 420 1228 Te
441 1158 545 1250 igitur
570 1156 792 1255 deprecamur
817 1156 963 1228 Domine
989 1164 1128 1246 sancte,
1161 1151 1265 1226 Pater
1290 1150 1443 1249 omnipo·

29 1264 32 1270 '
137 1270 226 1350 tens,
249 1268 390 1332 aeterne
413 1259 522 1348 Deus,
543 1280 607 1356 per
632 1259 778 1331 eundem
803 1255 972 1334 christum
994 1257 1117 1329 Filium
1141 1265 1235 1328 tuum
1261 1255 1442 1327 Dominum

136 1372 304 1451 nostrum,
325 1378 361 1433 ut
382 1360 480 1433 huius
500 1369 679 1433 creaturae
697 1360 937 1457 pinguedinem
956 1357 1214 1454 saneti†houre
1236 1367 1296 1429 tua
1316 1355 1442 1452 hena†

139 1465 290 1561 dictione
307 1462 456 1560 digneris
479 1473 513 1534 et
539 1459 654 1535 Sancti
674 1462 706 1557 †
727 1460 872 1561 Spiritus
893 1466 927 1535 el
952 1462 1141 1537 admiscere
1160 1463 1337 1548 virtutem,
1361 1479 1441 1530 coo-

138 1576 280 1664 perante
301 1563 424 1638 Christi
445 1564 523 1636 Filii
546 1568 596 1637 tui
620 1568 790 1662 potentia,
817 1588 838 1636 a
863 1569 959 1640 cuius
984 1567 1123 1636 nomine
1144 1572 1261 1638 sancto
1292 1558 1443 1635 chrisma

136 1690 263 1740 nomeu
282 1670 424 1764 aceepit,
446 1665 537 1738 unde
555 1668 683 1742 unxisti
705 1665 924 1759 Sacerdotes,
943 1667 1075 1761 Reges,
1095 1663 1286 1761 Prophetas
1304 1674 1339 1737 at
1354 1662 1441 1735 llar-

135 1766 246 1866 ty'res,
272 1777 309 1842 ut
331 1769 514 1869 spiritualis
535 1769 666 1841 lavacri
691 1771 864 1868 Baptismo
888 1768 1097 1843 renovandis
1119 1770 1312 1839 ereaturam
1328 1765 1443 1839 chris

136 1876 235 1947 matis
252 1875 287 1942 in
307 1869 562 1944 Sacramentum
583 1866 758 1969 perfectae
775 1874 906 1963 salutis,
926 1872 1086 1967 udaeque
1103 1868 1298 1960 confirmes,
1314 1879 1352 1941 ut
1369 1890 1443 1944 sau-

139 1973 341 2046 ctiiicatione
361 1977 530 2048 unctionis
545 1974 669 2064 infusa,
691 1977 909 2073 corruptione
925 1976 1055 2072 primae
1070 1974 1255 2046 nativitatis
1271 1970 1442 2067 absorpta,
1477 2050 1482 2063 ,

139 2085 291 2149 sanctum
308 2077 573 2170 uniuscuiusque
589 2078 751 2174 templum
769 2076 987 2174 acceptabilis
1001 2078 1093 2149 vitae
1104 2076 1320 2146 innocentiae
1333 2072 1440 2145 odora

137 2176 346 2266 redolescat,
368 2185 405 2249 ut
427 2177 613 2251 secundum
634 2180 882 2253 constitutionis
903 2189 983 2252 tuae
1009 2171 1267 2253 Sacramentum
1283 2178 1382 2269 regio
1408 2182 1442 2246 et

138 2278 345 2354 sacerdotali
375 2279 644 2377 propheticoque
675 2280 807 2355 honore
839 2281 987 2378 perfusi,
1021 2283 1227 2356 vestimento
1258 2279 1443 2374 incorrupti

137 2384 288 2455 muneris
313 2380 506 2472 induantur,
531 2392 569 2454 ut
589 2385 632 2456 sit
652 2383 704 2456 his
727 2386 785 2479 qui
808 2387 919 2456 renati
938 2383 1064 2456 luerint
1084 2405 1130 2455 ex
1152 2403 1238 2477 aqua
1262 2390 1298 2453 et
1317 2378 1443 2477 Spiritu

139 2482 265 2556 Sancto
289 2481 442 2583 chrisma
467 2485 597 2576 salutis,
625 2508 755 2580 eosque
776 2497 937 2559 aetemao
957 2488 1050 2559 vitae
1072 2487 1255 2582 participes
1276 2492 1311 2555 et
1331 2483 1442 2554 coela

139 2589 200 2660 slis
218 2587 349 2680 gloriae
366 2585 469 2658 faeiat
485 2609 564 2662 esse
581 2598 770 2662 consortes.
780 2585 812 2685 ¹)
847 2596 933 2675 Quod
947 2583 1081 2678 sequitur
1092 2597 1200 2658 dicitur
1213 2595 1302 2676 plane
1314 2593 1442 2673 legendo

138 2689 207 2762 Per
225 2688 370 2760 eundem
395 2689 495 2761 Dom.
520 2708 575 2762 etc.
618 2699 689 2760 Tum
703 2700 842 2762 Pontifex
862 2700 1020 2762 balsamum
1041 2699 1177 2762 oum-illo
1192 2697 1311 2760 modico
1325 2698 1397 2760 oleo
1409 2714 1443 2757 eu

138 2799 264 2880 ampulla
281 2796 434 2885 chrismali
447 2809 543 2864 sumto
557 2802 671 2864 mistum
689 2805 858 2865 commiscet
873 2811 976 2865 sancto
991 2800 1161 2879 chrismati,
1187 2817 1340 2881 reponens
1354 2801 1442 2882 ipsun

138 2904 169 2962 iu
183 2901 336 2981 ampullam
351 2901 539 2966 chrismalem
554 2913 584 2965 ct
597 2903 713 2966 diceus:
739 2895 834 2968 Haec
855 2897 1050 2968 commixtio
1069 2894 1240 2990 liquorum
1262 2892 1322 2965 fiel
1344 2894 1443 2966 omni-

139 2993 203 3067 hus
225 3014 271 3064 ex
288 3016 329 3065 ea
349 2997 521 3091 perunctis
540 2998 732 3093 propitiatio
752 3008 786 3070 et
808 2997 962 3072 custodia
979 2997 1137 3072 salutaris
1155 2999 1191 3068 in
1209 2994 1352 3071 saecula
1373 3016 1442 3071 sae·

140 3095 304 3168 culorum.
353 3100 395 3188 lh.
422 3096 544 3170 Amen.
589 3106 660 3170 'lum
679 3109 826 3171 ciaconus
847 3112 896 3190 qni
915 3109 1071 3192 ampullam
1089 3107 1281 3181 chrismalem
1300 3106 1341 3170 de
1359 3107 1442 3173 meri·

5 3216 9 3229 ’
141 3203 195 3269 etia
209 3207 352 3288 portavit,
373 3208 495 3292 deponit
507 3209 671 3290 mappulam
687 3213 751 3272 sive
765 3214 861 3274 velum
876 3212 913 3274 de
927 3213 990 3294 ipsa
1004 3210 1145 3292 ampulla,
1160 3211 1279 3272 dimissa
1293 3212 1443 3272 eleuare·

28 3360 32 3365 .
139 3311 220 3370 riaea
233 3320 318 3372 veste
332 3309 397 3372 alha
411 3330 495 3392 quam
508 3322 593 3374 antea
607 3312 733 3376 habehat
747 3324 777 3377 st
788 3315 926 3377 Pontilex
935 3311 1441 3396 capiteiuolisato,salutatchrlsme

142 3408 258 3474 dicens:
286 3402 367 3476 Ave
389 3414 542 3478 sunctum
566 3403 732 3497 Chrisma,
774 3415 812 3478 Et
828 3417 885 3480 hoo
898 3416 1028 3479 secando
1043 3417 1174 3479 attentio
1188 3417 1261 3478 iacit
1273 3432 1389 3497 senper
1400 3413 1441 3476 al·

135 3508 198 3574 'tiae
212 3513 349 3594 dicendo,
364 3516 442 3596 quod
454 3527 607 3599 postquam
622 3522 711 3580 tertio
727 3520 835 3584 dixerit
849 3519 997 3581 osculatur
1009 3518 1116 3581 lahium
1126 3519 1284 3599 ampullae,
1299 3517 1443 3600 quoiacto

142 3615 418 3701 sedetl'ontiiexet
430 3621 536 3701 accipit
549 3621 670 3684 mitram.
693 3621 766 3682 Tam
779 3622 887 3701 singuli
901 3616 1242 3685 duodecimSacerdotes
1254 3623 1348 3703 parati
1363 3636 1443 3701 prae

142 3717 212 3779 dieti
230 3718 373 3781 accedunt
391 3725 560 3784 successive
580 3742 636 3804 per
658 3723 789 3786 ordinem
810 3724 846 3787 ad
866 3742 995 3786 mensam
1008 3734 1038 3786 et
1051 3725 1135 3787 lactis
1153 3725 1334 3785 reverentiis
1346 3724 1442 3786 Sacra·

137 3830 241 3882 mento
256 3831 286 3882 et
300 3821 434 3885 Pontifici
449 3826 536 3887 tertio
551 3827 580 3888 in
593 3828 674 3888 varia
688 3828 822 3890 distantia
836 3824 1040 3908 genuflectunt
1054 3845 1150 3890 coram
1164 3824 1303 3908 ampulla,
1318 3825 1444 3907 qualibet

140 3924 208 3985 rice
224 3940 343 4004 semper
355 3924 441 3987 altius
456 3927 583 3990 dicendo
597 3930 626 3991 io
641 3939 712 3992 touo
726 3931 876 4012 praedicto
898 3922 980 3995 Ave
1000 3932 1151 3998 sanctum
1173 3917 1339 3992 chrisma.
1382 3927 1443 4005 Quo

209 4130 240 4212 1)
258 4135 424 4196 contulimus
439 4137 617 4216 Gelasimum,
631 4140 836 4216 Gregorianum,
854 4142 982 4202 codicem
994 4141 1087 4217 Eligii.
1116 4139 1146 4200 c.
1163 4140 1207 4201 cr.
1220 4140 1252 4203 Ε.
1268 4139 1443 4210 honitatis

142 4224 178 4275 et
198 4219 360 4292 pietatis.
392 4221 1057 4288 G.llaml)auid.—imsimilitudinem.
1088 4226 1324 4287 cntraditam.
1355 4225 1443 4285 aar·

141 4303 813 4373 iioiat-mandata—constituerint
842 4313 1093 4376 (tentaveris.
1115 4310 1442 4385 culicomplaeuie-

142 4395 202 4447 set.
230 4388 260 4446 G.
284 4400 348 4449 oet
373 4393 444 4452 hoe.
473 4395 504 4456 G.
522 4397 567 4453 cr.
588 4414 659 4456 eam
682 4400 774 4456 oleo.
804 4399 834 4456 c.
855 4417 915 4474 per
936 4402 1058 4458 lesum.
1088 4398 1217 4457 (hetin
1233 4397 1261 4458 S.
1277 4399 1307 4459 S.
1323 4397 1442 4454 imnis·

142 4486 226 4529 cere
247 4492 273 4531 v.
294 4481 579 4551 perpotentiam
601 4482 738 4540 christi
760 4485 818 4542 tui.
847 4483 892 4542 Gr.
914 4484 946 4542 lt.
968 4482 1105 4542 christi
1125 4482 1186 4541 tui.
1218 4481 1249 4541 G.
1271 4482 1442 4553 martyres

137 4562 229 4616 tuos.
265 4556 295 4617 (i.
312 4559 356 4617 cr.
379 4561 503 4623 omittunt
522 4565 606 4622 verha
626 4572 659 4624 ut
680 4567 893 4641 spiritualis
912 4574 966 4629 eto.
989 4585 1075 4645 usque
1096 4568 1182 4628 adut
1199 4566 1319 4627 sithiu
1334 4574 1387 4625 eto.
1413 4562 1441 4621 B·

140 4641 335 4716 spiritalis.
346 4646 711 4714 '-·‘iuuoceua'odore.
733 4652 771 4711 c.
786 4650 833 4712 tir.
847 4653 878 4711 li.
894 4652 1037 4715 iecisse
