3202 5176
760 331 834 402 249

142 511 207 586 ciis
233 520 298 582 cio.
338 518 385 598 0.,
414 520 451 580 ab
471 521 605 584 accubitu
625 539 771 602 surgens,
791 523 828 584 ad
846 521 980 584 Electum
1002 541 1180 601 conversus,
1197 524 1329 588 baculum
1352 538 1450 608 pasto·

142 622 235 684 ralem
248 640 312 684 oum
326 625 445 683 sinistra
459 632 575 702 tenens,
598 625 668 685 dicit
681 625 736 686 sub
750 634 823 686 tono
837 624 1000 687 litaniarum
1016 628 1126 705 primo:
1139 618 1184 689 Ul
1198 617 1287 690 huno
1295 619 1452 692 Electum

142 712 233 786 bene
255 721 279 802 †
302 714 419 787 dicere
446 715 606 808 digneris.
641 721 685 809 liz.
728 712 962 808 uo'rogamus
989 718 1068 789 audi
1094 740 1166 792 nos.
1210 732 1348 792 Secundo
1365 732 1452 793 dicit:
1567 799 1569 805 ,

143 813 190 888 Ut
217 814 308 886 bunc
332 815 489 888 Electum
522 817 611 890 bene
637 818 668 911 †
697 818 813 890 dicere
841 827 874 890 ct
900 822 1007 891 sancti
1033 819 1192 914 †ficare
1219 822 1380 914 digneris.
1408 829 1451 914 lp.

144 917 196 988 Te
225 939 389 1009 rogamus
418 919 497 990 audi
520 941 596 993 uos.
649 929 750 991 lertio
774 929 858 991 dicit:
885 919 930 990 Ut
950 920 1039 992 hunc
1057 934 1274 1017 praesentem
1296 924 1453 996 Electum

143 1019 234 1092 bcuc
247 1018 279 1113 †
294 1018 709 1112 dicerc,-sancti†ficare
731 1030 765 1091 et
786 1018 1043 1111 censebor-are
1067 1023 1227 1115 digneris.
1262 1031 1304 1116 lp.
1328 1026 1379 1097 Te
1396 1048 1452 1098 ro·

146 1141 266 1213 gamus
292 1120 372 1191 audi
396 1142 470 1193 llos.
524 1132 720 1194 Produccndo
747 1150 865 1212 semper
895 1135 1011 1212 signum
1034 1136 1129 1194 crucis
1151 1154 1242 1216 super
1260 1137 1340 1197 illum
1364 1138 1453 1197 idem-

145 1230 323 1311 quclaciunt
337 1239 367 1291 et
381 1231 628 1315 dicuntEpiscopi
641 1234 992 1311 Assistentes,genudcxi
1003 1244 1098 1295 mmcn
1109 1247 1325 1317 permanentes.
1339 1239 1456 1299 Deinde

144 1333 250 1394 iterum
265 1331 432 1411 procumbit
452 1333 484 1395 0.
499 1343 529 1395 et
543 1337 733 1416 prosequitur
745 1336 872 1397 litanias
891 1336 1035 1416 usquead
1050 1324 1186 1413 bneml).

247 1433 361 1508 Quibus
383 1434 472 1496 linitis
486 1448 611 1514 surgunt
629 1456 733 1498 omnes
749 1446 778 1497 et
792 1437 910 1498 Electus
926 1456 1024 1499 coram
1040 1437 1257 1501 Gonsecrutore
1273 1442 1455 1517 genuflectit.

122 1611 128 1617 ⁷
145 1532 218 1594 Tum
235 1532 268 1597 0.
287 1544 411 1614 accepto
430 1535 506 1598 libro
520 1538 751 1617 Evangeliorum
765 1538 846 1597 illum
860 1548 1004 1618 apertum,
1019 1539 1224 1602 adiuvantibus
1238 1542 1397 1623 Episcopis
1411 1562 1457 1604 use
1500 1528 1504 1533 ¹

145 1634 337 1710 sistentibus,
358 1635 430 1695 nibil
451 1637 553 1700 dicens
566 1641 690 1719 imponit
704 1657 794 1719 super
807 1642 954 1699 cervicem
972 1648 1002 1699 et
1018 1642 1151 1719 scapulas
1164 1641 1260 1702 Electi
1271 1631 1305 1716 2)
1341 1646 1457 1705 Deinde

147 1735 179 1799 G.
195 1746 226 1798 et
243 1737 428 1797 Assistentes
442 1738 583 1820 Episcopi
597 1738 736 1800 ambabus
752 1739 884 1799 manibus
901 1749 988 1819 caput
1001 1743 1195 1801 consecrandi
1210 1751 1344 1820 tangunt,
1359 1744 1458 1805 dicen·

145 1845 209 1902 tes:
234 1827 367 1923 Accipe
389 1825 550 1923 Spiritum
578 1831 740 1906 Sanctum
751 1828 795 1927 ³).
845 1841 912 1916 Quo
925 1841 1003 1902 lactc
1020 1838 1053 1902 (t.
1069 1842 1152 1903 dicit:
1176 1832 1366 1928 Propitiare
1385 1837 1458 1908 Do-

145 1933 237 2000 mine
259 1930 563 2026 supplicationibus
585 1935 712 2007 uostris
730 1942 766 2003 ut
785 1956 818 2028 p.
840 1937 923 2006 213.
963 1942 1079 2003 Deinde
1093 1946 1225 2004 extensis
1241 1947 1373 2006 manibus
1389 1958 1458 2009 ante

146 2050 252 2120 pectus
273 2041 359 2103 dicit:
392 2031 459 2103 Per
483 2038 595 2105 omnia
620 2034 760 2108 saecula
782 2036 1009 2112 saeculorum.
1051 2039 1094 2126 lb.
1122 2036 1245 2107 Amen,
1289 2038 1457 2112 Dominus

146 2132 335 2206 uobiscum.
380 2138 423 2224 ib.
464 2135 508 2208 Et
534 2158 612 2208 cum
634 2139 754 2230 spiritu
779 2145 849 2208 tuo.
891 2135 1034 2209 Sursum
1056 2138 1170 2208 corda.
1207 2143 1249 2228 lb.
1283 2140 1457 2214 Habemus

146 2235 189 2305 ad
211 2234 402 2305 Dominum.
457 2235 591 2346 (iratias
618 2258 760 2329 agamus
781 2237 928 2310 Domino
955 2237 1033 2308 Deo
1053 2250 1182 2311 nostro.
1225 2244 1266 2329 lp.
1309 2242 1457 2335 Dignum

147 2345 182 2408 et
206 2339 331 2411 iustum
349 2347 410 2411 est.

212 2642 240 2710 1>
259 2640 501 2719 liiclrelplontillc.
517 2659 546 2715 p.
559 2642 626 2698 201:
648 2640 686 2700 Es
696 2642 768 2700 wird
782 2659 835 2700 non
851 2643 900 2700 der
916 2658 1004 2714 genae
1017 2642 1146 2714 Himmel,
1165 2645 1210 2701 die
1221 2659 1308 2715 ganne
1319 2643 1459 2715 triumphi·

149 2724 235 2782 rende
249 2725 350 2782 Eirche
369 2743 412 2782 um
431 2726 491 2782 ibre
505 2728 626 2783 Fdrbitte
646 2728 806 2798 angerufeu.
849 2728 918 2783 Eine
929 2728 1107 2807 ceremonie,
1125 2729 1170 2785 die
1187 2729 1246 2784 sich
1262 2728 1348 2785 sebon
1363 2729 1390 2783 in
1407 2727 1460 2784 den

149 2809 264 2867 altesten
276 2809 544 2867 Weibeiormularen
559 2811 703 2867 vorlindet.

207 2889 239 2969 2)
261 2893 391 2949 Binterim
401 2895 420 2950 l.
434 2911 457 2956 c.
470 2912 496 2967 p.
509 2894 577 2950 331:
604 2894 860 2966 „Wabrscbeinlicb
872 2895 907 2952 ist
921 2894 999 2951 diese
1013 2895 1174 2951 Ceremonie
1188 2895 1259 2950 belm
1271 2895 1397 2966 Auiunge
1410 2895 1460 2953 des

150 2978 214 3033 item
225 2978 315 3034 labrb.
327 2979 355 3033 in
369 2979 463 3035 Africa
475 2979 561 3035 durch
573 2980 617 3036 die
629 2980 834 3050 Veranlassung
849 2979 897 3035 des
912 2981 1033 3036 Schisma
1049 2979 1098 3035 der
1111 2980 1271 3035 Traditoren
1283 2979 1460 3047 entstauden3

151 3061 320 3131 wenigstens
337 3063 421 3119 liudet
438 3081 498 3120 man
510 3063 555 3120 die
567 3071 641 3121 erste
653 3067 723 3138 Spur
741 3065 769 3120 in
779 3064 840 3120 dem
857 3065 963 3119 vientes
975 3064 1125 3121 Concilium
1136 3080 1191 3120 von
1207 3063 1346 3133 Carthago
1361 3063 1427 3118 Can.
1438 3055 1460 3119 ΙΙ

150 3146 246 3203 wosis
255 3146 456 3204 alseincscbon
466 3149 757 3207 irdberiuderllirche
766 3149 872 3204 iibliche
881 3149 1089 3208 erwibntwird.
1103 3149 1164 3203 Von
1172 3148 1264 3203 dieser
1272 3146 1462 3203 Zeitverbrei-

151 3237 207 3286 tete
225 3231 266 3287 sie
278 3231 337 3288 sich
348 3232 376 3288 iu
387 3233 432 3288 die
443 3233 558 3302 librigeu
568 3231 658 3289 Laude
672 3251 697 3289 u.
712 3231 902 3295 l’roviuzeof‘,
923 3231 1003 3304 Apud
1014 3232 1162 3288 Germanos
1177 3234 1247 3288 bunc
1258 3232 1338 3287 ritum
1350 3230 1460 3286 saeculo

153 3322 252 3371 octavo
270 3322 297 3370 et
317 3332 392 3372 nono
412 3316 543 3374 novitatis
563 3317 682 3387 speciem
702 3317 829 3373 babuisse
844 3316 926 3371 docet
942 3318 1020 3373 locus
1032 3317 1163 3373 Amalarii
1175 3318 1210 3371 de
1224 3317 1291 3373 eccl.
1308 3315 1353 3371 oli.
1366 3317 1398 3385 2,
1413 3311 1461 3368 14:

152 3399 244 3470 „Dicit
256 3399 366 3456 libellus
382 3397 514 3475 (tortasse
527 3400 602 3456 Ordo
613 3402 747 3458 Romanus
759 3401 806 3456 illo
817 3406 941 3471 tempore
953 3401 980 3454 in
989 3394 1156 3456 Germaniam
1167 3400 1303 3475 invectus)
1315 3399 1463 3454 secuudum

153 3483 228 3540 cuius
243 3483 365 3539 ordinem
379 3486 532 3541 celebratur
547 3485 683 3541 ordinatio
696 3485 767 3557 apud
778 3484 908 3555 quosdam
921 3491 950 3540 ut
964 3482 1018 3539 duo
1035 3482 1160 3554 episcopi
1170 3489 1280 3538 teneant
1291 3484 1463 3552 evangelium

150 3583 235 3638 saper
248 3575 328 3637 caput
339 3568 407 3639 cius,
423 3567 495 3639 quod
506 3583 595 3638 nequo
607 3575 684 3624 vetus
699 3568 847 3626 auctoritas
861 3567 976 3636 intimat,
988 3583 1076 3638 neque
1088 3567 1238 3639 apostolica
1251 3566 1362 3623 traditio
1374 3582 1462 3638 neque

153 3651 286 3708 canonica
300 3652 458 3708 auctoritas.
480 3652 609 3709 Similiter
615 3652 745 3709 Alcuiuus
757 3649 879 3727 (Fragm.
890 3651 925 3706 ad
940 3650 1031 3707 carol.
1045 3651 1079 3706 ll.
1095 3651 1131 3706 de
1142 3651 1185 3706 rit.
1200 3659 1255 3706 vet.
1270 3647 1353 3727 ecci)
1373 3649 1463 3720 „illud

151 3750 221 3794 vero
244 3733 317 3806 quod
336 3736 458 3808 episcopi
477 3743 570 3791 tenent
591 3736 715 3792 codicem
727 3736 941 3805 Evangeliorom
963 3752 1045 3805 super
1062 3742 1142 3807 caput
1159 3735 1217 3791 eius
1230 3743 1257 3790 et
1269 3753 1321 3792 ouo
1333 3734 1462 3792 fundente

153 3836 236 3892 super
255 3820 565 3891 cambenedictionem,
582 3821 678 3892 reliqui
699 3821 743 3894 qui
765 3821 863 3877 adsunt
877 3819 999 3891 episcopi
1015 3820 1136 3875 manibus
1147 3820 1204 3876 suis
1218 3837 1300 3892 super
1317 3827 1395 3891 caput
1406 3819 1463 3876 eius

153 3910 283 3975 tangunt,
305 3920 359 3959 nou
378 3904 514 3977 reperitur
534 3905 560 3960 in
581 3907 744 3962 auctoritate
761 3902 865 3974 reteri,
887 3919 975 3975 neque
994 3919 1065 3959 nova
1077 3896 1127 3960 sed
1139 3921 1226 3976 neque
1238 3904 1265 3960 in
1277 3906 1395 3960 Romana
1407 3910 1464 3959 tra·

153 3987 289 4048 ditione.“
1215 4018 1222 4025 -

216 4071 247 4148 3)
265 4073 295 4128 ln
308 4071 396 4128 multis
411 4071 525 4130 vetustis
540 4071 681 4129 codicibus
695 4072 784 4129 nullus
798 4078 840 4129 est
854 4070 951 4142 capitis
966 4068 1108 4127 contactus
1119 4072 1163 4127 vel
1175 4088 1296 4128 manuum
1307 4068 1463 4141 impositio:

154 4171 215 4212 nem
226 4174 286 4214 cum
296 4157 324 4213 iu
335 4156 448 4228 reliquis
458 4156 631 4214 caerimoniis
639 4163 693 4212 tum
701 4158 728 4213 in
735 4156 778 4212 bis
785 4157 893 4212 uariam
900 4155 962 4213 libri
969 4156 1070 4228 antiqui
1077 4172 1147 4227 quae
1155 4156 1291 4228 pertinent
1299 4154 1333 4210 ad
1342 4167 1465 4207 manuum

154 4239 356 4312 impositionem
374 4249 402 4297 et
422 4241 586 4301 unctionem.
613 4242 711 4297 'lamen
729 4255 784 4295 nou
801 4256 933 4312 assequor
945 4240 1226 4310 mentemBiuterimii,
1239 4238 1283 4310 qui
1299 4237 1370 4292 baud
1383 4251 1465 4308 pror·

155 4341 201 4381 sus
219 4333 328 4382 sertata
349 4324 464 4381 concilii
481 4324 631 4381 Tridentini
649 4321 803 4381 reverentia
822 4323 909 4398 (Sese.
934 4326 985 4396 23,
1003 4323 1068 4381 (ian.
1089 4325 1119 4401 4)
1140 4331 1239 4394 neget,
1262 4322 1313 4377 bac
1335 4321 1464 4376 formula:

155 4407 291 4480 Accipe
313 4416 367 4468 etc.
387 4409 514 4482 Spiritum
527 4410 654 4465 Sanctum
673 4409 759 4464 minus
780 4409 929 4481 dariquum
943 4409 1107 4465 annuntiari:
1126 4408 1210 4478 ipsum
1227 4405 1349 4461 coeleste
1367 4404 1466 4460 donum

156 4491 283 4548 exbiberi
304 4494 397 4549 verbis
413 4510 477 4550 mox
496 4494 721 4565 insequentibus.v
738 4493 796 4549 lion
814 4494 896 4549 video
918 4510 1047 4565 quaenam
1067 4493 1151 4547 verbs
1171 4490 1279 4560 aptiora
1294 4497 1322 4546 et
1335 4488 1465 4559 graviora

157 4591 220 4632 esse
233 4576 339 4648 possint
354 4594 432 4649 quam
446 4578 502 4649 illa,
514 4577 595 4635 trium
609 4578 802 4650 episcoporum
813 4579 1000 4650 oreprolata:
1015 4576 1119 4648 Accipe
1130 4574 1259 4645 Spiritum
1270 4573 1404 4631 Sanctum.
