3202 5176
130 580 133 585 -
165 529 233 612 Ωιι
246 532 327 596 dicto
340 531 512 613 Presbyteri
525 530 644 596 elevant
656 533 798 597 feretmm
811 530 1012 615 Reliquiarurn
1027 542 1057 598 et
1070 534 1266 613 ingrediendo
1276 534 1379 601 Eccle-

60 639 134 702 sian
146 646 217 700 cium
226 636 309 699 clero
324 645 354 699 et
365 636 479 716 popolo
494 636 767 717 processionaliter,
783 637 922 700 Pontifex
936 655 1000 700 cnm
1019 637 1104 717 mitra
1117 634 1221 719 ihcipit
1235 647 1267 703 et
1277 638 1380 703 schola

59 741 252 824 prosequitur
266 738 482 818 Antiphonem:
509 727 730 822 Ingredimini
751 727 869 804 Sancti
887 730 966 820 Dei,
992 738 1196 825 praeparata
1216 742 1269 806 est
1290 735 1380 805 enim

10 864 13 871 ¹
54 854 82 906 -a
102 834 251 921 Domino
278 831 439 903 hahitatio
461 831 555 904 sedis
574 842 733 921 vestrae,
762 833 827 906 sed
849 842 884 904 et
900 833 1048 929 populus
1068 830 1179 906 fidelis
1199 856 1276 910 oum
1295 857 1380 927 gau-

59 935 120 1010 dio·
135 936 326 1029 insequitur
337 938 413 1005 iter
432 943 599 1023 vestrum,
618 943 656 1005 ut
675 937 782 1008 oretis
800 957 864 1031 pro
882 935 984 1009 nohis
1003 937 1212 1007 maiestatem
1232 936 1379 1008 Domini.

57 1037 222 1110 Alleluia.
261 1045 343 1109 Alie:
362 1032 519 1108 Gaudent
534 1038 570 1107 in
587 1037 696 1110 coelis
715 1040 847 1109 ammae
864 1036 1082 1125 Sanctorum,
1102 1039 1159 1130 qui
1177 1036 1302 1112 Christi
1319 1059 1381 1110 ve-

59 1142 162 1233 stigia
176 1147 259 1213 'sunt
284 1140 414 1226 secuti,
437 1150 471 1210 et
495 1141 574 1232 quia
599 1160 664 1235 pro
693 1141 767 1212 eius
789 1161 907 1213 amore
934 1141 1136 1233 sanguinem
1156 1160 1255 1213 suurn
1281 1139 1380 1213 fude-

58 1245 150 1330 runt,
172 1241 252 1313 ideo
273 1262 352 1327 cum
372 1238 670 1315 Christiexultant
688 1245 763 1314 sine
785 1241 861 1314 fine.
902 1252 1022 1313 Interim
1045 1252 1309 1329 processionaliter
1331 1270 1380 1314 ra·

59 1352 134 1437 dunt
144 1370 199 1433 per
212 1351 386 1414 Ecclesiam.
425 1351 498 1413 Cum
511 1354 705 1431 pervenerint
718 1354 870 1432 adnitere,
884 1354 913 1415 in
929 1370 987 1434 quo
1001 1351 1155 1434 iieiiqniae
1170 1363 1237 1415 sunt
1252 1354 1380 1422 conden-

59 1452 134 1532 dae,
155 1454 303 1534 Reliquiis.
321 1454 393 1534 ipsis
415 1470 478 1514 cunr
499 1454 612 1515 feretro
628 1471 725 1535 prope
739 1448 834 1518 altaro
849 1458 1000 1535 positiset
1014 1455 1300 1537 luminarihurinxta
1314 1456 1380 1517 illas

59 1542 283 1632 ardentihns‚‘¹)
297 1554 436 1616 Pontifex
452 1563 533 1615 stane
548 1572 613 1615 cnm
626 1556 710 1617 mitra
724 1565 793 1618 anta
804 1557 909 1634 altare,
923 1557 1052 1634 inchoat,
1067 1557 1168 1619 schola
1178 1567 1380 1638 prosequente

57 1658 275 1737 Antiphonem:
303 1645 516 1717 Exultahunt
537 1643 656 1717 Sancti
677 1650 713 1716 in
735 1648 847 1739 gloria
865 1660 899 1720 et
919 1648 1135 1731 laetabuntur
1156 1652 1191 1718 in
1210 1649 1379 1723 cubilibus
1459 1646 1467 1668 ‘

58 1753 140 1825 sais.
185 1749 346 1821 Prolatae.
381 1743 524 1818 Caritate
544 1747 692 1820 Domino
713 1751 883 1835 canticum
901 1771 1030 1820 novum
1050 1766 1106 1818 etc.
1145 1757 1257 1820 ltrnon
1274 1759 1381 1821 dieitur

60 1850 192 1940 Gloria,
215 1857 270 1922 sed
290 1860 437 1940 repetitur
450 1858 630 1938 Antiphone
671 1859 736 1935 Qua
755 1860 832 1923 dicta
848 1861 998 1938 Pontifex,
1013 1859 1148 1941 deposita
1162 1860 1260 1939 mitra,
1273 1878 1399 1922 rerem.

59 1961 95 2025 ad
108 1961 205 2024 altare
212 1960 309 2024 dicitz.

163 2056 308 2129 Occasus
347 2054 443 2127 Deus
467 2055 576 2149 quiin
599 2055 691 2125 omni
712 2055 792 2128 loco
811 2016 1050 2129 dominationis
1067 2065 1149 2128 tuae
1163 2055 1320 2128 clemens
1338 2076 1380 2126 ac

58 2156 229 2250 benignus
249 2157 427 2229 dedicator
446 2157 591 2244 assistis,
617 2157 841 2246 exaudinos,
865 2178 1072 2252 quaeamus
1093 2168 1128 2229 et
1148 2157 1316 2247 concede,
1342 2167 1380 2229 ut

57 2259 267 2332 inviolabilis
287 2266 487 2352 permaneat
506 2257 605 2331 huius
625 2257 695 2329 loci
707 2262 924 2333 consecratio
939 2258 1152 2332 ethenefioia
1166 2262 1215 2331 tui
1228 2261 1379 2334 muneris

58 2362 267 2434 universitas
284 2360 447 2446 fidelium,
465 2381 552 2452 quae
570 2358 631 2430 tihi
651 2357 875 2457 supplicat‚²)
895 2364 1075 2457 percipere
1092 2371 1275 2432 mereatur.
1311 2361 1379 2432 Per
1456 2368 1464 2391 ³

59 2461 239 2538 Christum.
285 2467 328 2554 lii.
351 2461 479 2533 Amen

22 2554 30 2561 ⁵
161 2572 233 2633 'lum
248 2572 386 2634 Pontifex
401 2580 523 2651 accepta
538 2571 640 2648 mitra,
662 2571 781 2648 intingit
795 2570 936 2651 pollicem
951 2572 1073 2634 dextrae
1086 2591 1188 2635 manus
1202 2574 1232 2633 in
1245 2580 1378 2633 sanctum

59 2674 193 2738 Chrisma
210 2683 240 2735 at
253 2692 319 2734 cnm
334 2692 371 2735 co
371 2675 484 2774 ,signat
498 2673 752 2748 confessionem·
743 2692 762 2733 ι
777 2691 805 2734 e
816 2673 986 2753 sepulcrum
1000 2675 1123 2737 altaris
1114 2694 1144 2735 un
1155 2674 1379 2754 quolleliquiae

58 2787 127 2842 runt
150 2776 341 2857 reponendae
360 2778 393 2836 in
414 2783 541 2855 quatuor
561 2775 697 2852 angulis,
719 2775 859 2836 faciens
847 2794 876 2835 m
890 2775 1016 2852 singulis
1030 2778 1145 2854 signnm
1159 2778 1272 2852 crucis,
1292 2785 1323 2838 et
1336 2776 1378 2836 di·
1411 2840 1414 2853 ,
1517 2796 1521 2803 ’

57 2898 130 2942 eene
158 2868 273 2943 Conse
286 2865 318 2957 ι
333 2877 449 2939 cretur
476 2878 510 2938 et
535 2870 644 2942 sancti
659 2867 690 2959 ι
704 2865 825 2939 licetur
847 2866 914 2939 hoc
935 2868 1140 2963 sepulcrum.
1183 2868 1223 2941 ln
1241 2872 1379 2940 nomine
1475 2924 1478 2929 ,

52 2971 215 3065 parnis
244 2982 278 3042 et
298 2966 425 3058 Pi†hi
443 2979 478 3040 et
501 2966 650 3064 Spiritus
671 2965 703 3059 ι·
726 2967 854 3041 Sancti.
901 2970 976 3041 Pax
993 2971 1072 3041 huic
1095 2971 1219 3043 domui·
1262 2980 1378 3043 Deinde

57 3081 200 3162 deposita.
220 3084 326 3158 mitra,
353 3081 489 3143 recondit
507 3090 687 3142 veneranter
712 3081 861 3144 vasculum
882 3082 977 3161 ipsum
1001 3101 1065 3143 cum
1079 3082 1225 3163 Reliqniis
1249 3090 1279 3142 et
1301 3082 1378 3158 aliis,

57 3193 148 3265 prout
160 3184 301 3245 hesterna
314 3183 362 3242 die
376 3200 431 3260 per
447 3200 513 3241 eum
527 3183 582 3242 fuit
600 3182 779 3261 sigillatum,
793 3186 824 3245 in
840 3184 980 3264 sepulcro
994 3184 1106 3259 altaris,
1122 3185 1226 3263 quihus
1240 3182 1377 3243 recondi·

56 3288 108 3364 tis,
123 3284 264 3347 Pontifex
276 3282 407 3359 inchoat,
422 3283 524 3344 schola
538 3292 742 3362 prosequente
753 3284 967 3364 Antiphonem:
988 3275 1060 3349 Sub
1075 3277 1183 3347 altare
1196 3275 1262 3345 Dei
1276 3274 1379 3348 sedes

47 3380 240 3475 accepistis
268 3374 497 3464 sereniori,
526 3375 730 3448 intercedite
760 3397 825 3472 pro
857 3376 957 3450 nohis
984 3378 1029 3449 ad
1054 3378 1238 3449 Dominum
1263 3374 1378 3450 lesum

121 3597 158 3673 Ι1)
172 3582 256 3658 lllll.
272 3596 329 3667 „Et
343 3615 424 3669 quum
437 3597 565 3670 pervenit
579 3598 615 3653 ad
629 3598 718 3654 locum
731 3597 760 3654 ir
776 3612 830 3669 qno
841 3597 974 3670 reliquiae
985 3595 1179 3653 recondendae
1188 3603 1252 3654 sant
1262 3603 1378 3653 extenso

56 3683 122 3745 volo
138 3684 209 3739 inter
224 3684 326 3750 clerum
341 3690 369 3759 et
382 3683 511 3756 populum
527 3689 590 3738 ante
604 3683 700 3740 Altero
714 3683 867 3756 Episcopus
882 3690 968 3756 ponat
983 3681 1106 3738 chrisma
1122 3683 1197 3739 etc.“
1237 3683 1295 3738 lint
1313 3681 1379 3739 reli-

57 3769 135 3842 quias
158 3768 238 3824 condi
258 3767 334 3823 inhet
348 3768 381 3823 in
398 3768 534 3824 confes
544 3768 649 3824 sione
663 3765 681 3823 i.
702 3784 726 3822 e.
741 3766 769 3823 in
785 3769 849 3823 loco
866 3774 964 3824 cauato
980 3767 1080 3823 subtus«
1090 3767 1185 3827 altare.
1215 3767 1344 3823 Binterim
1358 3767 1377 3822 l.

57 3871 82 3910 c.
99 3869 127 3925 p.
141 3853 194 3929 ιιι
213 3852 263 3908 Die
280 3851 384 3908 Gr'a‘her
408 3852 458 3909 der
473 3851 614 3924 Reliquien
636 3852 717 3922 lagen
736 3868 770 3907 an
788 3851 837 3907 der
854 3851 1032 3908 Vorderseite
1048 3850 1096 3907 ιιι
1110 3851 1220 3909 Altares
1236 3859 1315 3907 uniar
1329 3849 1379 3905 der
1455 3856 1457 3862 “

55 3937 130 3995 Ειιι
147 3937 216 3994 oder
231 3936 259 3991 in
275 3935 326 3993 der
341 3936 427 4008 Tiele,
442 3953 489 3994 wo
505 3936 754 3993 derPriesteraum
763 3935 858 3992 Altare
873 3935 1107 4006 hinanfansteigen
1122 3937 1234 4009 phegte.
1265 3937 1301 3990 lm
1314 3935 1378 3988 9ten
1417 3936 1422 3945 ’

56 4022 145 4080 lahrh.
168 4020 292 4078 erlauhte
306 4020 373 4076 aher
386 4020 441 4077 Leo
456 4021 510 4094 lV,
533 4022 597 4079 dass
612 4021 653 4078 sie
668 4022 737 4077 anch
752 4022 787 4078 im
802 4021 960 4078 0hcrtheile
976 4020 1025 4077 des
1039 4018 1167 4092 Alteros,
1191 4020 1311 4076 welches
1326 4018 1379 4073 wir

56 4108 128 4163 noch
143 4102 355 4180 Sepulcrum
370 4110 495 4176 nornen,
512 4107 634 4164 kdnnten
650 4107 747 4176 geirgt
761 4106 884 4166 werden.
913 4107 990 4164 Doch
1003 4106 1099 4162 worda
1114 4106 1282 4172 noch-lange
1297 4103 1379 4157 nach·

56 4191 106 4257 her
127 4191 155 4248 in
172 4192 323 4249 nnehreren
339 4191 489 4263 Provineep
505 4191 555 4247 der
569 4192 624 4248 alte
640 4191 745 4247 Brauch
763 4192 954 4263 heihehalten‚
971 4192 1037 4248 weil
1050 4191 1166 4262 Einigen
1182 4188 1257 4243 diosa
1273 4187 1378 4242 Benen-

56 4293 132 4347 nung
151 4275 224 4332 nicht
247 4275 340 4346 geliel.
370 4275 461 4346 Sogar
480 4277 583 4333 ernihlt
600 4276 707 4333 Ottov.
725 4276 820 4346 clary,
837 4277 892 4333 lib.
908 4276 1039 4334 tcollat
1054 4275 1123 4331 eie
1138 4272 1224 4328 dieh.
1241 4272 1378 4342 Walharg
1492 4239 1494 4242 ‚

57 4360 100 4417 sei
124 4361 211 4416 einrm
226 4361 355 4416 Kranken
381 4361 544 4417 erschienen
559 4361 612 4417 and
627 4361 697 4416 haha
713 4369 828 4432 geeagt:
851 4363 1007 4433 Deswegcn
1026 4358 1131 4417 werdet
1147 4358 1190 4412 ihr
1205 4357 1278 4413 nicht
1293 4365 1379 4426 gene-

56 4462 121 4514 sen,
145 4445 209 4500 weil
224 4445 313 4501 moine
328 4444 470 4517 Reliquien
485 4447 532 4502 auf
545 4447 606 4503 dem
620 4445 699 4503 Altar
714 4446 824 4559 liegcn,
838 4464 884 4504 wo
899 4448 983 4504 aliein
997 4446 1046 4502 das
1061 4443 1196 4514 gottliche
1209 4442 1379 4508 (iehcimniss

57 4529 122 4585 darf
134 4530 283 4586 verrichtct
297 4529 422 4586 werden

126 4612 207 4688 2.)ll
225 4615 531 4686 qnaesupplicat.

1127 4668 1170 4760 ao
