3202 5176
704 276 778 391 ιιι

79 505 199 584 oranda,
214 506 354 568 Pontifex
368 507 490 569 eosdem
504 517 587 570 sotus
601 517 632 570 et
645 510 842 572 caerimonias
854 510 925 573 iacit
938 511 993 573 sub
1008 514 1120 576 eisdem
1135 513 1236 577 verbis
1253 518 1283 578 in
1297 517 1397 597 singu·

15 604 18 609 ⁴
78 608 116 671 lis
127 606 270 670 sltaribns
282 611 463 686 successive,
477 611 554 672 sicut
567 610 639 672 iacit
651 613 681 672 in
695 613 791 693 primo
805 613 900 675 altari

180 700 333 773 Introibo
356 701 400 774 ad
421 703 530 774 altare
547 703 626 792 Dei,
645 704 690 775 ad
705 704 825 776 Deum.
866 707 988 781 Psolm.
1012 705 1129 779 ludica
1148 660 1220 798 me,
1240 728 1271 781 et
1284 721 1398 801 repeti-

78 821 126 873 tar
138 813 245 893 quovis
259 830 349 874 versu
365 814 531 894 Antiphone
545 804 707 878 lnlroilt0.
735 816 802 878 Non
817 817 925 880 dicitur
939 806 1065 882 Gloria.
1094 819 1215 901 Incepta
1229 822 1322 901 prima
1335 821 1397 883 dn·

77 913 211 994 tiphona,
225 914 376 992 Pontifex,
391 926 507 978 retenta
521 919 617 994 mitra,
632 927 713 980 stans
726 927 794 980 aute
808 920 924 981 altare
915 921 1034 999 intingit
1047 921 1187 1001 pollicem
1200 922 1324 983 dextrae
1337 941 1396 987 ma·

78 1034 132 1077 nus
146 1017 177 1081 iu
190 1035 266 1097 aqua
277 1017 445 1108 praedicta,
460 1019 562 1080 ultimo
577 1037 632 1100 per
648 1038 714 1081 eum
729 1020 902 1098 benedicte,
917 1031 947 1083 et
964 1039 1028 1083 cunr
1045 1041 1082 1084 eo
1096 1033 1128 1084 et
1142 1042 1215 1104 aqua
1230 1023 1398 1085 huiusmodi

77 1117 149 1179 facit
161 1136 280 1180 emnem
292 1121 322 1181 in
337 1120 434 1182 medio
453 1120 571 1182 tabulae
579 1122 683 1184 altaris
695 1123 813 1184 diceus
832 1065 950 1186 Satloti
964 1114 996 1208 †
1009 1114 1130 1188 ficetur
1150 1116 1217 1188 hoc
1236 1117 1397 1187 altarem

77 1209 245 1283 bonorem
268 1212 334 1283 Dei
357 1216 598 1310 omnipotentis
620 1224 655 1286 et
676 1216 853 1308 gloriosae
875 1215 1028 1310 Virginis
1049 1215 1180 1289 Mariae
1201 1228 1303 1314 atque
1326 1240 1398 1290 om-

77 1315 170 1383 nium
196 1312 401 1386 Sanctorum
427 1325 463 1387 et
484 1316 527 1387 ad
547 1337 674 1388 nomen
694 1339 738 1387 ac
760 1321 959 1391 memoriam
981 1321 1089 1392 sanctu
1108 1317 1148 1390 N
1197 1318 1237 1390 ln
1258 1323 1396 1391 nomine

77 1413 233 1508 Pa†tris
254 1425 289 1486 et
309 1415 434 1510 Fi†bi
458 1427 494 1488 et
514 1414 663 1513 Spiritus
679 1418 711 1512 ι·
726 1416 852 1492 Sancti
874 1420 961 1491 Pax
978 1421 1046 1492 tibi.
1082 1430 1280 1492 Deindefeeit
1295 1449 1333 1491 ex
1349 1448 1397 1491 eo·

77 1525 144 1586 dem
171 1532 246 1606 aqua
268 1543 332 1586 cunt
353 1526 459 1588 eodem
481 1527 593 1606 pollice
615 1537 741 1608 quatuor
754 1547 858 1591 cruces
872 1532 903 1592 in
917 1539 1041 1610 quatuor
1055 1532 1194 1592 cornibus
1208 1532 1326 1610 altaris,
1351 1550 1397 1593 re·
1522 1548 1526 1563 ·

77 1635 186 1707 petens
199 1628 229 1687 in
244 1626 377 1706 qualibet
390 1645 481 1688 cruce
493 1628 586 1690 verba
599 1631 774 1709 praemissa:
788 1618 1074 1714 Sancti†fioetur
1087 1623 1154 1693 hoc
1168 1625 1286 1695 altare.
1315 1634 1398 1695 Facit

77 1736 175 1790 autern
189 1733 309 1807 primam
327 1747 445 1789 cracem
458 1730 488 1789 in
502 1729 625 1790 dextera
639 1740 729 1811 purte
739 1732 900 1812 posteriori
917 1731 1018 1792 altaris
1032 1733 1052 1794 ι.
1068 1750 1096 1792 e.
1109 1731 1159 1792 ubi
1174 1732 1286 1809 legitur
1301 1734 1397 1795 livan-

78 1829 207 1907 gelium,
220 1830 379 1891 secundam
391 1831 420 1891 in
439 1832 558 1893 sinistra
572 1842 658 1912 parte
670 1834 811 1895 anteriori
826 1841 996 1894 transverse
1009 1834 1138 1913 primae,
1152 1836 1268 1894 tertiam
1283 1836 1312 1897 in
1326 1834 1398 1897 dcx·

78 1940 142 1992 tera
163 1933 305 1993 anteriori
313 1941 476 2013 ,quartam
497 1934 527 1994 in
541 1935 660 1995 sinistra
675 1936 838 2016 posteriori
853 1937 957 1997 tertiae
972 1943 1148 2001 transversa.
1191 1936 1257 2011 Quo
1272 1936 1352 1998 facto
1368 1944 1398 1998 et
1500 1982 1503 1993 .

77 2034 167 2095 finitus
182 2033 352 2115 Antiphone
373 2045 404 2097 et
418 2031 533 2098 Psalmo
554 2037 731 2116 praedictis,
755 2037 894 2098 Pontifex
914 2047 995 2099 stans
1015 2036 1122 2098 ibidem
1132 2036 1298 2118 deposita
1312 2040 1398 2099 mrtra
1483 2038 1488 2047 '

77 2135 166 2198 dicit:
172 2123 205 2223 l)

180 2231 326 2303 (irenam
368 2239 560 2311 feminina:
579 2232 775 2305 Plectamus
796 2255 919 2325 genua
961 2237 1003 2324 lp
1032 2229 1172 2303 levato
1213 2229 1398 2324 singulare

77 2331 162 2403 illud
188 2333 496 2427 propitiatorium
487 2355 522 2403 m
546 2334 644 2405 altari
668 2337 781 2407 crucis
801 2356 865 2430 pro
885 2334 985 2407 nobis
1005 2333 1215 2405 redimendis
1234 2334 1398 2422 oblatum,

77 2437 112 2504 in
134 2435 231 2505 cuius
253 2432 542 2527 praefiguratione
565 2435 758 2530 patriarcba
777 2435 880 2506 Iacob
902 2435 1048 2531 lapidem
1068 2437 1206 2505 crexit
1197 2456 1231 2504 m
1251 2434 1397 2524 titulum,

79 2554 147 2629 quo
168 2533 267 2605 lieret
287 2534 491 2608 sacrificium
512 2546 547 2608 et
566 2546 687 2632 portae
706 2538 798 2608 coeli
821 2536 970 2630 desuper
992 2538 1184 2631 aperiretur
1207 2537 1398 2624 oraculum,

63 2623 345 2731 'supplicantia
367 2636 513 2708 Domine
534 2660 659 2734 preces
680 2637 864 2726 fundimus,
886 2647 923 2708 ut
945 2637 1066 2733 lapidis
1090 2636 1188 2708 huius
1211 2635 1398 2732 expolitam

77 2740 267 2827 materiam,
294 2741 453 2834 supernis
479 2736 656 2813 sacrificiis
677 2739 906 2827 imbuendam,
933 2742 1008 2834 ipse
1029 2749 1109 2810 tuae
1132 2738 1230 2808 ditari
1252 2736 1398 2811 sanctifi-

80 2842 224 2912 cationis
245 2839 403 2912 ubertate
423 2843 634 2939 praecipias,
658 2844 716 2937 qui
737 2841 907 2938 quondam
929 2841 1072 2936 lapideis
1095 2841 1210 2932 legem
1233 2842 1400 2934 scripsisti

79 2945 114 3012 in
133 2942 267 3015 tabulis.
288 2950 291 2955 '
311 2942 380 3015 Per
404 2942 583 3018 Christum.
633 2949 676 3036 lb.
704 2945 827 3016 Amcn.
1281 3014 1284 3019 ,

180 3048 324 3115 Oratione
336 3055 469 3135 expleta,
483 3056 623 3117 Pontifex
637 3058 742 3117 circuit
756 3057 869 3136 septies
880 3055 1007 3116 tabulam
1017 3055 1129 3130 altaris,
1145 3069 1311 3132 aspergens
1324 3068 1398 3128 eam,

80 3163 111 3215 et
129 3155 264 3233 stipitem
282 3153 321 3214 de
340 3173 415 3234 aqua
441 3158 593 3234 praedicta
610 3158 718 3218 irltimo
740 3176 794 3236 per
813 3175 878 3217 eurn
899 3157 1073 3233 benedicta,
1094 3174 1159 3217 cum
1176 3154 1347 3232 aspersorio
1362 3152 1400 3213 de
1426 3228 1433 3240 ι

81 3255 172 3317 berbn
186 3255 318 3341 bpssopo
332 3256 422 3317 iacto
452 3258 541 3318 Stans
557 3276 634 3317 enum
651 3258 719 3319 nnio
733 3246 859 3325 medinm
873 3258 991 3334 altaris
1005 3259 1125 3319 inchoet
1139 3252 1354 3335 Antiphonem
1370 3262 1401 3317 et

16 3380 20 3387 ·
81 3358 183 3420 sobole
197 3359 402 3438 prosequitur
424 3347 605 3444 Asperges
625 3354 683 3423 ιιι
705 3334 852 3421 Domine
871 3349 1026 3444 hyssopo
1050 3362 1126 3419 etc·
1143 3350 1312 3420 Peclrrncc
1336 3344 1401 3417 bli
1493 3370 1499 3380 ·

18 3467 21 3473 ’
81 3472 202 3522 serere
221 3452 290 3520 mei
316 3450 412 3523 Deus
439 3450 627 3522 seeundum
653 3435 811 3557 ma'gnam
837 3449 1107 3522 misericordiam
1130 3456 1231 3519 tunm.
1276 3447 1319 3519 Et
1345 3469 1401 3521 so-

81 3551 229 3622 cundum
248 3552 502 3623 multitudinem
515 3544 769 3635 miserationum
788 3563 934 3640 tuarum,
955 3550 1033 3621 dele
1052 3552 1260 3644 iniquitatem
1278 3572 1406 3624 meam·

80 3653 239 3747 Amplius
262 3652 341 3724 lava
363 3660 419 3724 ine
441 3640 508 3725 eb
505 3657 681 3748 iniquitate
704 3655 793 3742 mea,
821 3665 856 3725 et
878 3677 898 3725 a
921 3663 1064 3747 peccato
1088 3673 1166 3723 meo
1184 3653 1313 3759 munda
1333 3675 1397 3723 me.

79 3765 201 3826 luterim
214 3763 353 3825 Pontifex
368 3774 490 3845 accepta
506 3766 608 3840 mit'ra,
630 3766 854 3851 circuitaltare,
878 3763 1010 3843 illudque
1027 3762 1342 3842 aspergitetreditad
1357 3763 1400 3823 lo·

81 3885 147 3928 oum
166 3876 235 3927 ante
257 3865 383 3927 medium
404 3869 521 3945 altaris,
548 3868 625 3929 unde
637 3869 825 3967 discesserat.
866 3866 971 3927 Finitis
986 3866 1071 3927 dictis
1087 3867 1240 3943 versibus,
1258 3864 1400 3975 Pontifex

87 4048 832 4150 .1)1Conmemorantquatuorcodteesereces'in
849 4078 943 4136 altaris
958 4080 1047 4136 tabula
1064 4095 1134 4151 aqna
1144 4074 1287 4134 benedicta
1299 4073 1400 4129 facien·
1512 4138 1516 4147 ι

68 4163 140 4241 das,
156 4164 185 4223 T.
201 4180 255 4220 non
271 4165 381 4234 ignorat
396 4163 578 4235 autiphonam
593 4165 762 4221 lutroibo
778 4172 807 4221 et
821 4164 952 4221 Psalmunn
967 4165 1097 4233 ludica,
1114 4164 1147 4218 bl.
1164 4161 1245 4215 babet
1260 4159 1400 4214 formulam

81 4205 203 4304 Selrcti
213 4249 237 4304 fi
247 4256 359 4322 cetur,
373 4249 423 4305 sed
438 4247 532 4304 sobrie
548 4265 580 4304 ac
595 4249 743 4320 prudenter
754 4249 880 4306 consistit
893 4250 920 4304 in
935 4250 1149 4335 Sanctissimae
1137 4243 1273 4300 Trinitatis
1261 4243 1400 4298 «invoca-

82 4332 175 4402 tione,
197 4335 266 4409 omi
260 4334 305 4390 sis
320 4334 421 4389 llariae
433 4334 651 4405 Sanctorumque
673 4334 836 4395 nominibus
866 4333 902 4389 Et
921 4350 989 4389 sane
1004 4314 1182 4399 incongrulum
1199 4327 1305 4384 videtur
1320 4336 1401 4398 etque
1419 4324 1424 4333 '

80 4416 217 4473 incautum
239 4419 359 4493 (quods
346 4419 455 4505 saepius
477 4418 594 4474 facere
587 4436 615 4474 un
628 4419 728 4476 ritibus
737 4419 887 4491 ecclesiam
904 4420 1048 4507 Romanam
1063 4415 1237 4477 vehementer
1252 4409 1424 4482 dolemus),·

27 4553 48 4568 ,,
80 4516 136 4569 nno
159 4501 309 4574 eodemque
323 4494 436 4589 spiritus
452 4502 535 4560 ductu
549 4503 711 4561 tremendae
722 4504 861 4561 Trinitatis
877 4494 1009 4559 maiestati
1025 4501 1130 4554 beatam
1145 4491 1291 4554 adnectere
1306 4495 1401 4566 Virgi-

15 4616 21 4625 -
82 4602 143 4641 nem
158 4572 374 4659 Sencforumque
388 4589 529 4644 cobortes.
626 4582 642 4601 '
1043 4608 1047 4617 ·
