3202 5176
767 287 840 387 aar

140 464 199 539 iao
227 481 352 541 servos
382 477 460 542 tuos
479 479 525 540 'et
552 467 694 541 ancillas
719 472 803 541 tuas.
846 473 888 560 Pp.
917 469 1014 541 Deus
1035 489 1131 540 meus
1154 481 1331 562 sperantes
1351 474 1387 543 in
1412 484 1457 544 te.

141 566 239 641 blitte
267 571 317 643 eis
338 569 485 641 Domine
507 572 673 642 auxilium
698 570 741 641 de
769 567 906 644 Sancto.
955 570 996 643 R.
1024 570 1068 642 Et
1087 570 1130 640 de
1156 570 1242 643 Sion
1263 583 1361 645 tuere
1385 598 1457 648 eos.

141 669 236 743 Nihil
255 670 410 766 proficiat
430 674 586 747 inimicus
607 675 642 743 in
663 675 722 745 eis.
768 677 811 764 Pp,
839 672 882 743 Et
903 671 992 744 lilius
1018 674 1201 767 iniquitatis
1219 696 1290 745 non
1310 689 1460 771 apponat

140 793 272 844 nocere
299 776 358 849 eis.
400 773 485 847 Esto
517 777 567 847 eis
588 775 735 846 Domine
763 777 866 847 turris
892 774 1107 869 fortitudinis
1153 780 1196 864 Bl-
1230 775 1266 847 A
1287 776 1375 847 facie
1397 780 1459 849 ini-

141 876 230 945 mici.
275 873 423 946 Domine
442 877 539 950 Deus
557 879 719 948 virtutum
742 885 909 947 converte
927 898 1001 949 nos.
1039 882 1083 966 lb.
1104 874 1148 945 Et
1171 870 1314 948 ostende
1335 878 1461 949 faciem

140 986 234 1049 tuam
261 985 295 1046 et
322 978 411 1050 salvi
441 981 576 1049 erimus.
630 977 777 1048 Domine
809 977 935 1050 exaudi
962 981 1152 1049 orationem
1178 1000 1297 1050 meam
1345 985 1387 1070 lb
1416 980 1461 1051 Et

142 1058 274 1149 61611161
303 1100 399 1154 mens
422 1079 465 1151 ad
491 1091 526 1152 te
552 1081 677 1151 veniat.
724 1079 891 1153 Dominus
913 1079 1102 1190 vobiscum
1152 1080 1264 1171 ltaEt
1290 1104 1367 1152 cum
1393 1085 1461 1178 spi-

140 1181 210 1250 ritu
235 1189 304 1251 tuo.

246 1279 400 1355 Oremus
453 1277 590 1354 Exaudi
609 1282 757 1354 Domine
778 1303 903 1378 preces
929 1293 1066 1356 nostras
1093 1293 1128 1354 et
1149 1283 1381 1355 confitentium
1400 1284 1462 1356 tibi

141 1404 247 1478 parce
271 1386 434 1477 peccatis,
454 1395 491 1454 nt
511 1406 598 1478 quos
620 1387 851 1459 eonscientiae
870 1396 987 1457 reatus
1006 1396 1157 1487 accusat
1176 1386 1388 1522 indulgentia
1402 1396 1461 1457 tua

141 1486 371 1558 miserationis
393 1483 561 1557 absolvat.

245 1587 452 1659 Praeveniat
471 1585 535 1659 hos
561 1585 709 1660 famulos
735 1597 827 1677 tuos,
851 1609 1058 1682 quaesumus
1080 1587 1240 1677 Domine7
1267 1591 1463 1662 misericor-

143 1686 200 1758 dia
222 1697 299 1759 tua:
335 1697 373 1758 ut
399 1708 519 1759 omnes
542 1690 735 1783 iniquitates
761 1710 882 1760 eorum
904 1690 1012 1759 celeri
1037 1680 1248 1779 indulgentia
1273 1691 1460 1762 deleantur.

246 1788 394 1877 Adesto,
414 1789 574 1879 Domine,
596 1791 899 1886 supplicationibus
919 1791 1058 1878 nostris,
1080 1811 1124 1859 ne
1148 1793 1191 1861 sit
1217 1790 1259 1860 ab
1281 1789 1332 1864 bis
1354 1790 1463 1862 famu-

141 1893 187 1966 lis
208 1894 275 1965 tuis
302 1891 504 1963 clementiae
525 1902 604 1963 tuae
627 1893 814 1987 longinqua
836 1895 1029 1966 miseratio:
1054 1913 1136 1964 sana
1158 1891 1304 1963 vulnera
1327 1914 1463 1970 eorum-

144 2016 212 2088 que
234 1993 361 2064 dimitte
384 2005 539 2089 peccata,
565 2005 603 2067 ut
629 1994 671 2067 ab
702 1994 857 2069 omnibus
883 1993 1115 2089 iniquitatibus
1142 1996 1283 2088 expiati,
1304 1994 1365 2067 tibi
1390 1995 1463 2067 Do·

142 2098 233 2169 mine
256 2118 394 2191 semper
415 2095 555 2167 valeant
576 2097 776 2170 adhaerere.

149 2204 174 2270 ,“
247 2197 393 2269 Domine
414 2199 510 2272 Deus
530 2209 662 2289 nostem
686 2203 753 2294 qui
770 2199 961 2272 offensione
982 2205 1101 2269 nostra
1126 2219 1198 2267 non
1223 2201 1373 2273 vinceris
1400 2198 1463 2272 sed

144 2299 377 2374 satisfactione
403 2301 565 2396 placaris,
585 2305 721 2397 respice
743 2320 950 2394 quaesumus
968 2297 1011 2368 ad
1034 2298 1097 2371 hos
1117 2298 1378 2389 famulostnos
1406 2303 1463 2394 qui

121 2397 184 2476 ⁷se
212 2401 274 2473 tibi
294 2422 461 2495 peccasse
484 2404 638 2494 graviter
665 2401 885 2473 confitentur:
912 2409 1007 2470 tuum
1030 2410 1083 2473 est
1104 2402 1193 2471 enim
1213 2399 1464 2474 absolutionem

144 2505 321 2574 crIminum
345 2501 428 2572 dare
452 2514 484 2574 et
504 2505 641 2574 veniam
660 2512 837 2597 praestare
859 2499 1093 2596 peccantibus,
1113 2503 1171 2595 qui
1193 2501 1311 2573 dixisti
1331 2514 1365 2574 te
1379 2526 1463 2598 poe-

143 2606 319 2677 nitentiam
340 2602 444 2674 malle
469 2614 690 2700 peccatorum
710 2625 811 2697 quam
832 2613 997 2679 mortem:
1024 2601 1179 2674 concede
1203 2624 1289 2694 ergo
1315 2604 1464 2675 Domino

144 2717 181 2779 nt
205 2717 239 2777 et
264 2705 324 2778 tibi
345 2709 577 2801 poenitentiae
597 2705 761 2778 excubias
785 2705 963 2776 eelebrent
984 2714 1018 2775 et
1044 2706 1211 2777 correctis
1239 2705 1371 2779 actibus
1392 2709 1464 2779 suis

145 2807 298 2880 conferri
323 2809 388 2881 sibi
415 2831 434 2878 a
460 2819 496 2880 te
522 2811 730 2903 sempiterna
748 2806 872 2900 gaudia
899 2808 1122 2900 gratulentur.
1171 2806 1272 2877 Per:

246 2919 299 2980 llis
321 2922 450 3001 peractis
470 2929 597 3000 surgunt
615 2919 806 2981 Poenitentes
832 2928 861 2980 et
884 2918 955 2979 lacit
976 2920 1019 2979 eis
1036 2919 1068 2981 P.
1091 2935 1276 2997 sermonem,
1302 2920 1465 2982 ostendens

146 3022 273 3105 qualiter
286 3021 378 3083 Adam
400 3032 522 3104 propter
541 3032 694 3103 peccatum
714 3024 826 3083 eiectus
842 3030 887 3082 est
902 3020 939 3080 de
957 3020 1093 3100 paradiso
1110 3031 1140 3081 et
1158 3021 1246 3080 multa
1262 3021 1416 3083 maledicta
1434 3025 1463 3083 in

147 3124 213 3184 eum
228 3133 371 3201 congesta
385 3134 467 3196 sunt;
482 3136 511 3186 et
525 3126 652 3205 qualiter
668 3127 731 3184 eius
746 3123 884 3204 exemplo
899 3124 956 3203 ipsi
968 3122 1144 3183 deecclesia
1156 3123 1464 3202 adtempuseiiciendl

147 3235 226 3312 Ι111111.
272 3225 337 3300 Qtio
360 3226 438 3286 facto
461 3229 587 3308 accipiat
609 3246 696 3287 unum
717 3246 755 3286 ex
777 3230 820 3286 eis
835 3245 889 3306 per
905 3226 1056 3286 dexteram
1070 3235 1229 3287 manumet
1246 3243 1348 3286 omnes
1363 3226 1411 3286 alii
1426 3227 1464 3286 si·

146 3328 256 3391 militer
269 3347 302 3388 se
316 3328 449 3390 manibus
464 3338 611 3408 tenentes,
627 3328 764 3390 candelas
783 3345 924 3389 accensas
939 3328 968 3387 in
983 3327 1114 3387 manibus
1133 3336 1271 3388 tenentes
1284 3327 1465 3407 subsequan-

146 3439 194 3491 tur
208 3449 272 3490 cum
288 3439 317 3490 et
332 3433 371 3490 ita
388 3449 440 3492 eos
461 3433 559 3491 eiiciat
574 3432 610 3492 de
625 3431 753 3493 ecclesia
769 3450 833 3491 cum
848 3430 975 3490 lacrimis
990 3428 1106 3489 dicens:
1477 3480 1479 3484 ,

163 3518 169 3525 ’
248 3520 342 3596 Eece
369 3524 528 3592 eiioimini
547 3544 612 3595 vos
635 3521 738 3592 hodie
760 3546 779 3592 a
802 3520 971 3592 liminibus
994 3531 1132 3592 sanctae
1155 3523 1272 3591 matris
1295 3520 1466 3595 eeclesiae

146 3633 289 3720 propter
308 3635 450 3718 peccata
474 3633 507 3693 et
527 3624 661 3696 scelera
681 3634 811 3712 vestra,
832 3627 918 3697 sicut
932 3621 1045 3690 Adam
1064 3624 1192 3715 primus
1212 3621 1315 3712 homo
1336 3625 1466 3697 eiectus

147 3734 200 3799 est
227 3725 271 3796 de
296 3724 455 3821 paradiso
483 3736 623 3821 propter
643 3728 957 3817 transgressionem
985 3719 1129 3819 suaml)

250 3835 288 3897 Et
301 3837 417 3896 interim
432 3837 534 3899 schola
548 3847 646 3900 cantat
659 3837 909 3917 Responsorium:
932 3825 972 3895 In
991 3825 1118 3898 sudore
1139 3826 1256 3901 vultus
1275 3829 1325 3903 tui
1345 3849 1467 3900 vesce-

150 3979 364 3991 ——un—

213 4049 241 4124 1)
262 4050 328 4106 Cum
341 4050 412 4122 apud
423 4051 554 4123 plurimos
568 4052 596 4107 in
609 4051 814 4108 desuetudinem
828 4049 940 4107 abiisset
955 4049 1061 4122 publica
1077 4047 1273 4102 Paenitentiam
1286 4045 1402 4114 eiectio,
1422 4061 1467 4099 re-

149 4136 260 4205 mansit,
284 4135 446 4208 praesertim
466 4137 493 4192 in
514 4137 720 4193 Catbedralibus
742 4136 883 4206 ecclesiis,
906 4151 965 4190 mos
983 4133 1109 4190 eiiciendi
1124 4133 1193 4188 feria
1205 4132 1243 4186 lV
1254 4131 1380 4185 cinerum
1393 4128 1466 4183 Ada-

150 4238 227 4276 mum.
250 4221 337 4277 Homo
349 4221 457 4293 quidam
469 4223 669 4293 protoplastum
680 4221 786 4277 humani
798 4220 909 4292 generis
922 4228 1062 4292 parentem
1070 4223 1291 4288 repraesentans,
1304 4212 1469 4268 sollenniter

150 4306 344 4367 exturbabatur
356 4323 391 4361 cx
402 4308 474 4363 atrio
485 4307 632 4377 ecclesiae,
649 4306 722 4378 qnod
733 4306 797 4361 iude
809 4322 906 4361 nomen
919 4305 1026 4377 accepit
1040 4300 1164 4375 paradi
1173 4298 1211 4354 si.
1223 4296 1469 4352 Nobiliseratbaoo

152 4389 340 4447 Caerimoniaa
354 4392 409 4463 pud
421 4391 675 4448 llalbcrstadenses.
701 4391 787 4446 Etiam
808 4407 877 4446 nunc
894 4391 971 4446 buius
990 4390 1056 4445 ritus
1072 4385 1200 4442 memoria
1215 4388 1268 4436 tam
1282 4382 1363 4437 infixa
1374 4383 1469 4437 haeret

149 4474 295 4544 mentibus,
306 4485 336 4531 ut
346 4477 424 4548 plebs
437 4478 574 4534 ecclesiae
590 4476 754 4533 cathedralis
765 4477 929 4545 lacrimulam,
946 4475 1021 4530 ouius
1033 4486 1161 4542 campana
1177 4469 1205 4522 in
1218 4466 1353 4523 eliciendo
1362 4466 1472 4522 Adane

149 4559 316 4632 pulsabatur,
329 4561 409 4618 etiam
420 4563 502 4618 hodie
513 4568 650 4633 nuncupet
664 4561 758 4617 turrim
768 4561 865 4617 Adami
877 4561 922 4616 vel
936 4575 1048 4631 parvum
1060 4556 1199 4612 aldamum.

1194 4639 1261 4702 161
