3202 5176
828 337 903 408 858

206 534 341 596 accubitu
363 542 394 594 et
413 541 494 592 stans
509 548 572 592 cum
588 531 691 607 mitre,
711 529 860 591 benedicit
874 530 984 591 ibidem
997 546 1101 609 equam
1115 537 1147 589 et
1162 527 1215 590 sel.
1225 515 1257 603 ¹)
1287 527 1417 608 Expleta
1430 545 1523 608 aquae

206 635 416 699 benedictione
430 633 571 694 Pontifex
588 641 670 694 stans
692 633 758 692 sine
777 632 862 693 mitra
880 633 1014 712 aspergit
1030 650 1065 693 se
1086 640 1117 692 et
1138 630 1368 705 circumstantes,
1381 648 1450 691 cum
1463 630 1521 705 illa,

197 739 348 801 >inchoans
365 736 467 798 schola
481 743 683 815 prosequente
697 734 895 814 Antiphonem
916 729 1099 820 Asperges
1120 744 1175 795 me
1197 722 1346 795 Domine
1366 722 1521 817 hyssopo

207 841 242 904 ct
268 828 475 917 mundabor,
501 828 635 900 lavabis
657 850 713 899 me
737 836 772 898 et
793 848 898 922 super
919 829 1033 898 nivem
1062 823 1260 898 dealbabor.
1305 835 1369 910 Qua
1394 836 1523 914 incepta,

180 1018 190 1027 ·
206 943 345 1023 imposita
365 942 422 1002 sibi
437 942 539 1018 mitra,
561 949 643 1002 stans
657 948 726 1002 ante
739 939 822 1000 fores
835 938 1017 1014 Ecclesiae,
1034 937 1282 1018 praecedentibus
1298 940 1396 1017 ipsum
1409 936 1523 998 duobus

205 1044 362 1122 Acolytbis
387 1061 451 1104 cum
473 1042 603 1104 candelis
622 1043 774 1122 accensis,
795 1042 899 1122 incipit
917 1041 1042 1103 circuire
1055 1039 1091 1100 ed
1109 1056 1223 1101 manum
1237 1039 1403 1117 dexteram,
1419 1057 1522 1119 proce·

96 1182 102 1190 ·
206 1147 280 1207 dens
304 1164 369 1207 cum
382 1146 463 1208 clero
478 1155 508 1207 et
521 1144 633 1226 populo
649 1153 678 1206 et
691 1162 836 1224 spargens
852 1162 916 1204 cunr
930 1145 994 1224 ipsa
1008 1160 1083 1224 aque
1095 1142 1263 1204 forinsecus
1276 1143 1409 1222 parietes
1423 1141 1523 1202 Eccle

206 1250 287 1327 siae,
314 1249 345 1308 in
365 1249 513 1329 superiori
537 1257 622 1329 parte
642 1264 742 1307 earum
766 1255 795 1308 et
820 1248 1029 1307 coemeterium
1049 1244 1151 1306 dicens
1172 1262 1291 1323 semper
1318 1234 1360 1305 In
1386 1238 1522 1306 nomine

205 1341 255 1414 Pe
274 1340 306 1434 †
326 1343 388 1414 iris
410 1351 445 1412 el
464 1339 506 1412 Fi
526 1340 558 1433 ·)·
577 1341 615 1412 lii
636 1350 670 1423 el
691 1336 837 1434 Spiritus
858 1335 890 1429 †
911 1333 1079 1433 Sancti2)
1116 1347 1241 1408 interior
1254 1347 1334 1407 finita
1349 1347 1430 1407 diota
1443 1327 1522 1408 Anti-

206 1452 307 1534 pbone
321 1452 423 1512 schola
438 1461 534 1514 cantet
547 1450 781 1532 Responsorium
795 1440 951 1513 Fundele
965 1451 1017 1513 esi
1030 1438 1166 1514 Domus
1176 1439 1313 1510 Domini
1326 1461 1434 1534 snper
1446 1461 1523 1511 ver·

206 1548 310 1617 tieem
330 1548 496 1616 montium
519 1554 554 1615 et
580 1544 731 1616 exaltate
757 1554 809 1617 est
836 1566 940 1639 super
968 1564 1087 1616 omnes
1115 1543 1225 1615 colles
1252 1552 1288 1613 et
1313 1544 1457 1614 venient
1481 1540 1521 1612 ed

207 1669 283 1719 eam
312 1668 432 1720 omnes
459 1657 581 1740 gentes
608 1655 643 1717 et
664 1646 778 1717 dicent
798 1646 910 1739 gloria
930 1644 990 1717 tibi
1011 1645 1177 1717 Domine.
1200 1643 1391 1718 Venientes
1412 1655 1523 1717 eutem

134 1756 137 1763 '
205 1752 347 1822 venient
367 1771 444 1820 oum
466 1749 678 1821 exultatione
700 1758 876 1843 portantes
897 1747 1089 1842 manipulos
1107 1770 1203 1837 suos,
1224 1738 1260 1818 et
1278 1747 1395 1818 dicent
1413 1748 1522 1840 glorie

205 1851 266 1924 libi
281 1851 437 1922 Domine.
473 1861 602 1942 Expleto
618 1861 751 1938 circuitu,
768 1859 907 1922 Pontifex
921 1860 1101 1940 perveniens
1115 1868 1184 1921 ante
1198 1860 1303 1921 ostium
1319 1867 1403 1919 stans
1415 1858 1523 1919 ibidem

205 1980 311 2026 uersus
325 1962 361 2022 ad
376 1965 483 2024 ostium
497 1964 633 2043 deposita
647 1965 731 2023 mitra
745 1961 849 2023 dicit:

311 2057 455 2128 Orontes.
508 2065 547 2125 Et
567 2066 708 2125 ministri:
729 2053 925 2128 Flectemus
947 2077 1069 2150 genua.
1112 2058 1155 2146 lh.
1180 2006 1319 2125 levate
1361 2053 1522 2148 Omnipo-

53 2221 57 2230 .
164 2223 167 2229 .
207 2167 305 2246 tens,
335 2160 541 2253 sempiterne
567 2156 663 2230 Dens
691 2159 749 2251 qui
773 2159 808 2227 in
834 2159 926 2228 omni
952 2156 1032 2228 loco
1060 2157 1297 2230 dominationis
1324 2167 1408 2245 tuae
1432 2166 1523 2229 totus

206 2261 351 2347 assistis,
372 2268 464 2336 totus
486 2262 655 2355 operaris,
675 2259 795 2332 adesto
818 2259 1122 2355 supplicationibus
1143 2262 1271 2332 nostris
1291 2270 1326 2331 et
1344 2258 1447 2332 huius
1464 2258 1523 2330 do-

114 2351 118 2361 ’
206 2383 281 2434 mus
305 2363 401 2434 ouius
422 2384 461 2435 es
480 2362 653 2450 fundator,
673 2371 747 2434 esto
767 2371 957 2457 protector,
976 2361 1070 2432 nulia
1089 2356 1144 2432 hic
1160 2364 1309 2456 nequitia
1327 2364 1521 2433 contrariae

205 2465 386 2560 potestatis
404 2464 559 2554 obsistat,
579 2463 642 2537 sed
662 2466 789 2535 virtute
807 2460 952 2559 Spiritus
971 2460 1088 2535 Sancti
1106 2474 1284 2559 operante,
1305 2463 1364 2534 fiet
1386 2464 1444 2535 hic
1465 2463 1522 2535 tibi

136 2568 139 2575 “
205 2586 343 2662 semper
372 2588 493 2661 purum
524 2568 702 2642 servitium
731 2576 766 2638 et
788 2565 921 2638 devota
950 2565 1101 2640 libertas.
1150 2567 1218 2639 Per
1246 2564 1429 2639 Christum.
1478 2571 1519 2658 Ι)

205 2668 328 2741 Arnen.
337 2665 371 2763 3)

227 2771 230 2777 ’
309 2780 376 2855 Quo
398 2779 477 2838 dicto
497 2777 638 2840 Pontifex
658 2788 779 2859 accepta
802 2781 887 2841 mitre
907 2779 943 2841 ad
965 2781 1073 2841 ostium
1093 2778 1248 2841 Ecclesiae
1268 2781 1519 2861 appropinquans,

205 2882 335 2963 percutit
359 2880 431 2940 illud
452 2881 545 2940 semel
567 2900 633 2942 cum
656 2882 791 2943 inferiori
806 2891 892 2967 parte
907 2882 1002 2943 baculi
1017 2883 1191 2962 pastoralis,
1206 2884 1464 2964 superliminare,
1479 2880 1519 2942 di·

205 3001 277 3053 cens
290 2979 471 3057 intelligibili
485 2998 585 3042 voces
934 3061 937 3066 Ι

251 3156 254 3160 ,
305 3073 463 3148 Attollite
482 3082 600 3168 portas
620 3074 792 3169 principes
811 3084 948 3150 vestras
969 3086 1004 3148 et
1021 3078 1205 3148 elevemini
1221 3086 1343 3173 portae
1363 3085 1518 3147 aeterna-

203 3189 257 3253 tes
275 3189 310 3251 et
327 3175 477 3249 introibit
495 3198 561 3247 rex
582 3175 725 3268 gloriae.
762 3185 911 3248 Diaconos
925 3190 1004 3249 intus
1018 3190 1151 3250 existens
1165 3190 1236 3251 dicit
1250 3189 1309 3250 alta
1323 3189 1415 3251 roos:
1435 3176 1519 3262 Quis

204 3290 258 3354 est
279 3301 346 3351 rex
368 3277 528 3371 gloriae?
571 3287 711 3349 Pontifex
724 3281 900 3368 respondet:
922 3282 1088 3355 Dominus
1109 3281 1208 3356 fortis
1232 3292 1267 3353 et
1286 3280 1421 3378 potens,
1445 3280 1518 3349 Do-

203 3384 314 3455 minus
340 3391 463 3478 polens
485 3383 521 3451 in
543 3379 687 3476 praelim
728 3391 844 3453 Deinde
863 3392 1004 3454 Pontifex
1024 3396 1130 3456 iteruin
1150 3396 1255 3479 circuit
1269 3393 1430 3456 Ecclesiam
1451 3409 1517 3452 cnm

204 3493 286 3555 clero
306 3503 336 3554 et
356 3493 487 3573 populo,
508 3494 655 3573 incipiens
678 3492 714 3554 ad
735 3495 858 3556 eandem
875 3513 989 3557 menum
1012 3497 1163 3575 dextram,
1184 3496 1375 3577 aspergendo
1388 3496 1519 3576 parietes

204 3598 286 3657 iuxta
298 3595 539 3669 fundamentum
530 3613 659 3677 ipsarum
674 3604 706 3655 et
722 3594 934 3659 coemeterium
947 3599 1049 3660 dicens
1063 3616 1196 3680 semper:
1218 3589 1258 3660 ln
1274 3592 1414 3661 nomine
1427 3583 1518 3676 Pal*

267 3772 411 3850 >Eodem
428 3774 481 3829 ritu
495 3736 549 3845 quo
564 3773 632 3832 elias
648 3777 678 3831 nt
691 3776 851 3832 Benedictio
867 3755 932 3834 selis
948 3785 976 3834 et
990 3794 1092 3851 aquae,
1112 3777 1182 3834 infre
1197 3777 1345 3849 exscripta.
1375 3777 1467 3877 silent
1477 3775 1517 3831 El.

205 3860 250 3916 Τ.;
267 3874 342 3916 omes
358 3876 427 3930 quae
442 3858 524 3913 hodie
540 3858 699 3931 recitentur,
716 3862 846 3918 formulas
862 3862 1028 3919 continctli.

268 3943 298 4019 Τ)
314 3942 504 4017 Welafridus'
497 3960 525 3997 ιιι
540 3944 603 4000 Vita
619 3945 646 4002 S.
659 3932 832 4002 columbani:
854 3947 953 4004 Beatus
968 3955 1056 4003 antem
1069 3947 1100 4002 c.
1115 3946 1193 4003 iussit
1207 3962 1303 4017 eqnem
1318 3944 1413 4000 efferri
1427 3950 1456 3999 et
1470 3944 1519 3998 be·

203 4030 333 4086 nedicens
347 4013 420 4084 illem
436 4028 553 4100 aspersit
567 4045 599 4084 ee
614 4031 752 4102 tempium,
767 4039 795 4087 et
805 4048 866 4086 oum
877 4032 1024 4088 circuirent
1034 4032 1191 4104 psallentes,
1207 4031 1346 4087 dedicavit
1357 4029 1518 4085 ecclesiam:

204 4115 302 4170 dmnde
316 4115 444 4170 invocato
459 4114 568 4170 nomine
582 4115 689 4171 Domini
704 4116 780 4172 unxit
795 4117 881 4173 eltnre
895 4125 924 4173 et
937 4118 1033 4173 beeme
1048 4117 1178 4172 Aureliae
1193 4115 1324 4187 reliquias
1338 4115 1366 4170 in
1381 4131 1414 4170 ee
1424 4114 1519 4169 colio-

204 4200 294 4271 cevit,
314 4200 469 4270 vestitoque
487 4199 566 4256 alteri
581 4200 677 4257 missas
692 4201 814 4272 legitime
829 4202 1041 4274 compleverunt.
1059 4232 1096 4246 -
1115 4201 1174 4257 Nou
1191 4207 1405 4257 commemorant
1419 4199 1538 4256 circui.

204 4290 259 4338 tum
273 4284 352 4339 istam
359 4283 401 4340 El.
416 4291 444 4339 et
455 4274 502 4339 i:
518 4284 552 4342 n.
570 4285 656 4354 „Pum
665 4285 818 4358 Episcopus
833 4288 981 4343 circumeat
995 4287 1081 4358 ipsam
1095 4287 1240 4344 ecclesium
1254 4286 1407 4343 cumCiero
1423 4293 1452 4342 et
1467 4301 1519 4359 po-

203 4367 284 4440 pulo,
305 4368 438 4440 incipieus
459 4385 474 4423 a
494 4369 604 4425 sinistre
626 4377 721 4442 perte,
748 4368 1021 4444 spargendo'equem
1034 4372 1205 4429 benedictum
1222 4371 1257 4427 ad
1273 4371 1456 4427 fundamenta.
1486 4370 1520 4425 Et

203 4452 302 4508 Schola
325 4460 416 4508 centet
436 4455 649 4526 responsorium.
680 4454 840 4513 Fundate
855 4464 914 4514 est
930 4464 982 4512 etc.
998 4463 1027 4514 et
1041 4458 1173 4516 Versum:
1198 4457 1348 4514 Venieutcr
1362 4463 1453 4520 autern
1468 4472 1519 4511 ve-

203 4535 279 4594 nient
294 4555 354 4593 cum
369 4539 570 4596 exultatione.“

152 4622 155 4627 ’
265 4621 298 4698 3)
315 4623 403 4681 liabet
416 4622 567 4681 euticetem
582 4624 617 4683 li.
632 4640 747 4698 prorsus
761 4625 898 4684 Romanae
912 4641 1069 4699 congruam.
