3202 5176
542 962 1039 1059 ADNOTATIONE’S

401 1180 481 1252 nu
522 1174 817 1249 onurnuu
852 1166 1178 1245 norrrnuu.
1278 1104 1284 1113 ¹

680 1421 885 1432 ————

237 1645 260 1706 l.
313 1643 464 1706 Praemitti
484 1642 563 1704 solet
582 1640 667 1701 libris
685 1637 850 1699 missalibus
872 1636 1121 1717 Praeparatio
1140 1633 1185 1696 ad
1204 1631 1372 1696 flisaaur
1394 1654 1413 1717 p

136 1750 433 1829 opportunitate
459 1743 689 1806 Sacerdotis
713 1740 902 1802 iaciendo.
952 1736 1166 1818 Complectitur
1191 1736 1344 1799 Psalmos
1366 1736 1419 1812 Ost

136 1851 260 1925 dimctu,
282 1834 470 1910 Berucdiaeisti
484 1847 628 1921 Domine,
649 1842 765 1904 inclina
784 1842 911 1905 Domine
931 1858 1038 1901 comm
1058 1846 1156 1916 mum,
1185 1836 1324 1901 Credidi
1337 1856 1419 1920 prop

137 1952 217 2031 quud
228 1952 346 2012 locutos
357 1969 435 2025 mm,
448 1949 495 2012 De
503 1947 667 2028 profundis
679 1945 809 2006 clamori
815 1967 826 2005 .·
846 1953 1003 2025 praeterea
1016 1943 1231 2023 Antiphonem,
1249 1943 1419 2027 Respouso

138 2066 226 2135 atque
243 2064 359 2134 septem
374 2053 524 2114 collectas.
553 2054 724 2130 Sequuntur
737 2049 896 2110 Orationes
911 2047 1064 2122 dicendae,
1079 2065 1143 2106 curu
1157 2046 1322 2108 Sacerdos
1337 2047 1420 2109 induit

139 2155 371 2218 sacerdotalibus
386 2156 574 2235 paramentis.
608 2151 679 2214 Guur
693 2151 771 2212 lauat
784 2170 897 2227 uranus,
917 2149 1011 2210 dicat:
1031 2147 1082 2208 Do
1092 2146 1221 2208 Domine
1234 2149 1389 2211 virtum
1399 2168 1420 2211 ι

138 2258 227 2318 moos
243 2259 319 2317 mco
336 2256 380 2316 ud
389 2254 619 2336 abrici-pendam
638 2273 753 2315 omnem
774 2253 943 2313 macutum:
969 2258 1004 2311 ot
1021 2253 1087 2311 rinc
1110 2249 1287 2329 pollutione
1305 2253 1414 2315 aedit

140 2361 279 2438 corporis
292 2359 409 2420 culeum
422 2359 475 2418 tibi
486 2360 611 2419 serrire.
643 2358 687 2420 Ad
702 2358 847 2418 Amicturu
862 2356 928 2416 duur
943 2357 1063 2435 ponitur
1079 2372 1170 2434 super
1183 2364 1281 2434 caput
1296 2353 1420 2427 dicit;l

123 2487 128 2496 ·
136 2481 216 2542 ponc
228 2462 353 2525 Dormire
366 2463 459 2540 copiti
470 2480 534 2522 meo
547 2462 667 2541 puteum
685 2459 795 2519 aducis
814 2458 856 2518 od
875 2457 1094 2536 ccpnpnondoa
1111 2455 1290 2518 diabolicos
1308 2459 1420 2519 irem

139 2567 185 2626 Ad
198 2566 303 2627 Albam
317 2585 381 2626 cunr
396 2584 430 2626 ea
444 2565 587 2625 induitur:
600 2562 718 2626 Deolbo
730 2581 776 2622 me
788 2561 914 2624 Domine
928 2568 957 2620 ct
969 2560 1083 2620 mundo
1095 2558 1289 2620 cormeirm:
1302 2562 1420 2623 armo

137 2670 226 2747 purim
239 2669 312 2746 opni
321 2666 480 2728 dealbatos
495 2667 616 2746 quodiis
626 2663 983 2743 perimuramnpitemie
1014 2662 1061 2723 nd
1076 2661 1236 2738 Cingulum
1257 2663 1337 2726 dum
1355 2668 1420 2726 seri

140 2774 198 2847 git:
212 2769 374 2847 Proemrrpc
386 2769 565 2836 mellominc
574 2767 690 2846 cinpulo
695 2768 839 2844 puritatis
851 2768 1033 2845 electioque
1044 2766 1076 2824 in
1088 2763 1197 2824 lumbis
1210 2765 1296 2826 mc&
1308 2766 1420 2829 huon

140 2871 288 2946 ttotdtms,
307 2877 343 2929 ot
363 2877 484 2930 nuncet
503 2872 535 2929 in
556 2889 603 2930 me
624 2869 722 2929 cirtua
739 2869 938 2930 continentiae
958 2876 989 2929 et
1009 2868 1168 2928 cosmato.
1205 2868 1252 2929 Ad
1274 2869 1420 2952 usurp-n

142 2975 208 3034 dum
233 2973 392 3053 imponitur
411 2973 533 3033 brachio
555 2974 688 3033 sinistro:
720 2970 987 3035 Mereor-Domine
1007 2977 1133 3048 portare
1152 2970 1353 3048 muscipulos·
1372 2969 1420 3051 μ

140 3082 171 3136 et
182 3075 307 3151 doloris,
315 3081 350 3133 ut
361 3092 428 3133 mim
441 3074 624 3134 exultatione
636 3074 779 3152 recipiam
791 3075 956 3135 mercedem
968 3073 1115 3134 labor-rim
1137 3073 1315 3135 AdStolaru
1326 3076 1395 3137 duur
1407 3078 1421 3137 i

141 3181 262 3257 ponitur
286 3177 382 3239 collo:
421 3175 522 3237 Redde
546 3176 618 3236 nutis·
640 3176 766 3239 Domine
786 3176 895 3236 stolone
912 3173 1154 3250 immortulitatis,
1173 3192 1271 3253 prtum
1288 3168 1415 3256 pes-M

138 3277 403 3354 proecoricotione
412 3278 504 3356 priori
517 3280 655 3356 parcitis
673 3285 704 3338 et
721 3280 859 3356 quumvis
875 3278 1013 3357 indipnus
1032 3278 1137 3339 incedo
1157 3276 1200 3336 od
1217 3285 1312 3340 tuum
1335 3298 1421 3343 auore

142 3379 324 3457 mysterium,
346 3398 467 3441 mereor
482 3389 582 3441 tomen
591 3382 735 3460 poudmu
748 3382 968 3459 sempiternum,
989 3382 1033 3441 Ad
1050 3381 1183 3442 Cmulam
1197 3399 1266 3442 curn
1282 3386 1421 3445 assunitu

141 3479 275 3559 Domine,
289 3483 342 3561 qui
352 3482 474 3543 ducimi-
500 3483 607 3563 lepram
615 3504 714 3545 noeum
725 3502 822 3545 rauce
835 3491 923 3544 estet
935 3501 1121 3544 mmameum
1134 3481 1217 3542 lece:
1235 3481 1309 3562 soe,
1331 3492 1370 3547 ot
1379 3486 1421 3547 ist

7 3603 14 3613 =
138 3585 322 3678 portprcaic
336 3585 464 3663 culeum
479 3588 574 3665 quod
587 3602 757 3665 comeprrur
778 3593 861 3646 tuum
871 3588 1012 3666 pretium.
1046 3583 1150 3646 Amen.
1189 3585 1280 3646 Aliae
1302 3598 1335 3650 et
1357 3589 1421 3671 plur

143 3687 294 3746 orationes
317 3688 457 3750 dicendae
477 3700 547 3751 sunt
565 3676 779 3770 abepiscopo,
801 3690 917 3770 quaudo
936 3694 967 3750 iu
987 3688 1206 3769 pontificalibus
1226 3688 1383 3757 celebrat.
1417 3740 1421 3754 .

141 3805 249 3866 magna
266 3791 297 3849 in
314 3791 458 3868 omnihus,
474 3811 550 3873 quae
563 3791 599 3852 ad
613 3792 871 3872 Praeparationeru
887 3795 994 3852 missae
1009 3799 1144 3871 spectant
1157 3791 1187 3849 in
1207 3792 1357 3856 ecclesiis
1370 3814 1421 3859 ια

141 3890 220 3967 aeui,
234 3889 308 3952 adeo
321 3893 432 3954 saeculi
446 3894 550 3955 decimi
563 3898 642 3956 sexti
658 3895 823 3956 diversitas.
848 3894 1066 3955 Alii'Psaimum
1079 3893 1185 3954 iudico
1198 3911 1266 3954 cum
1281 3897 1421 3981 Antipho

141 4011 266 4071 prorsus
279 3996 415 4056 omittunt
430 4005 459 4056 et
473 3999 569 4057 statim
583 4000 726 4078 incipiunt
740 3997 979 4059 aGoulessione:
998 3998 1048 4058 aiii
1063 3997 1132 4057 ioco
1148 3996 1211 4055 eius
1224 4010 1351 4075 ponunt
1361 3990 1422 4064 aliu

140 4093 234 4156 Porro
249 4114 267 4156 a
285 4097 457 4173 quibusdam
474 4100 609 4179 priuatim
630 4101 660 4160 iu
682 4102 815 4161 sacristia
839 4100 895 4161 diei
922 4100 1046 4176 solitus,
1067 4101 1154 4160 etiam
1177 4107 1345 4180 antequam
1360 4122 1422 4167 casu

140 4207 316 4275 sumeretur,
334 4210 384 4261 aut
404 4202 435 4261 iu
455 4203 521 4281 ipso
541 4220 685 4282 processu
703 4203 739 4262 ad
753 4203 854 4265 altare.
889 4202 932 4263 lta
951 4200 1071 4263 llissale
1084 4201 1247 4262 Romanum
1262 4222 1281 4264 a
1296 4204 1422 4270 Paulol

142 4301 328 4373 recognitum
349 4312 379 4363 et
397 4302 530 4379 Lugduni
549 4303 657 4362 editum
670 4299 754 4363 1550
773 4303 831 4366 diei
845 4306 923 4366 hunc
936 4305 1078 4385 psalmum
1091 4303 1237 4383 praecipit
1255 4323 1275 4367 a
1296 4308 1422 4373 secero

142 4390 299 4459 manifeste
319 4404 367 4464 rei
388 4404 443 4463 sub
462 4405 602 4480 silentio,
625 4413 778 4485 autequam
805 4408 931 4469 excedat
948 4409 985 4468 ud
1001 4406 1110 4498 ‘altare
1144 4404 1214 4465 Pius
1226 4403 1266 4468 V.
1286 4408 1411 4474 demun

143 4499 297 4578 onustius,
317 4508 365 4584 qui
392 4506 531 4567 Romanis
559 4505 664 4567 ritibus
684 4517 821 4584 utuntur,
844 4529 911 4585 euin
929 4508 1128 4572 Goulessioni·
1139 4509 1295 4587 praemitti
1317 4515 1422 4578 instita
