3202 5176
761 336 836 413 291⁴

138 533 209 595 tuo.
254 519 407 593 Benedic
440 523 550 591 anima
578 540 654 590 mea
677 518 846 610 Domino,
876 547 969 610 usque
995 521 1234 601 Renovalritur
1257 530 1295 596 ut
1320 523 1460 620 aquilae

139 630 301 696 iuventus
334 633 401 693 tua.
451 632 560 693 Postea
582 640 681 693 cantet
700 631 829 693 litaniam
846 640 877 693 at
898 651 1007 711 preces
1032 623 1305 720 Kyriepeleison.
1353 628 1459 700 Pater

91 762 100 773 ,
138 734 268 798 noster.
310 722 453 797 Salvum
472 725 528 796 fac
548 745 687 797 servum
707 734 810 796 tuum.
853 724 1000 797 Domine
1017 724 1112 800 Deus
1129 747 1239 817 maur,
1261 738 1457 823 sperantem

138 830 176 898 iu
204 835 247 896 te.
295 824 434 897 Illustra
459 827 583 897 faciem
605 835 697 896 tuam
724 849 829 923 super
849 848 989 900 servum
1010 836 1113 899 tuum.
1156 827 1299 902 Salvum
1319 852 1374 901 me
1400 828 1458 902 fao

121 931 177 999 'iu
197 928 433 1000 misericordia
453 939 511 1000 tua
532 927 691 1017 Domine,
714 951 784 1001 non
807 929 1009 1019 confundar,
1038 933 1196 1024 quoniam
1221 934 1385 1003 invocavi
1410 941 1455 1002 te.

140 1028 238 1102 lllitte
269 1029 368 1102 notris
400 1032 563 1101 auxilium
592 1028 634 1099 de
661 1040 801 1119 sancto,
835 1040 869 1102 ei
890 1033 933 1103 de
957 1029 1041 1104 Sion
1066 1041 1165 1103 tuere
1184 1053 1258 1106 nos.
1310 1033 1458 1104 Domine

141 1133 425 1204 Deustvirtutum
444 1142 611 1204 converte
633 1154 716 1222 noa,
740 1133 885 1204 ostende
907 1133 1031 1218 faciem
1049 1142 1140 1205 tuam
1158 1145 1192 1205 et
1211 1135 1300 1208 salvi
1319 1138 1456 1206 erimus.

109 1234 289 1306 ¹Domine
312 1233 439 1305 exaudi
459 1238 650 1306 orationem
676 1256 797 1305 meam.
841 1233 886 1305 Et
907 1237 1036 1307 clamor
1056 1258 1154 1309 meus
1177 1237 1219 1307 ad
1242 1246 1276 1308 te
1298 1240 1425 1308 veniat.
1520 1311 1524 1321 ,

170 1337 173 1342 ’
247 1335 401 1419 Oramus.
443 1334 580 1408 Exaudi
600 1336 747 1407 Domine
776 1357 900 1431 preces
922 1348 1059 1409 nostras
1086 1347 1120 1409 ct
1148 1337 1378 1409 confitentium
1398 1336 1460 1409 tibi

142 1459 247 1533 parce
274 1436 442 1533 peccatis,
468 1448 505 1508 ut
531 1439 776 1530 indulgentiam
796 1431 896 1512 hobis
909 1441 1052 1511 tribuas
1074 1437 1244 1531 benignus
1270 1450 1305 1511 at
1326 1460 1457 1536 pacem.

142 1540 240 1625 Deus
263 1542 359 1612 ouius
381 1539 593 1631 indulgentia
614 1540 728 1611 cuncti
753 1539 919 1631 indigent,
945 1551 1116 1613 memento
1142 1541 1261 1612 famuli
1280 1544 1330 1615 tui
1350 1539 1405 1630 N,
1425 1549 1460 1613 et

143 1645 202 1736 qui
230 1640 354 1712 lubrici
377 1643 575 1734 terrenique
596 1643 753 1736 corporis
772 1650 825 1712 est
845 1639 1031 1732 fragilitate
1052 1643 1219 1731 nudatus,
1253 1652 1461 1734 quaesiimus

140 1743 263 1815 uides
287 1743 424 1813 veniam
446 1742 640 1830 confitenti,
668 1763 791 1837 parcas
817 1742 981 1836 supplici,
1010 1750 1157 1837 atquae
1183 1745 1310 1816 nostris
1331 1744 1473 1816 meritis'

144 1865 360 1931 accusamur,
382 1854 440 1914 tua
460 1847 679 1918 miseratione
707 1843 891 1916 salvemur.
927 1917 930 1924 ,

248 1945 344 2017 Deus
365 1943 427 2017 suh
449 1949 545 2020 cuius
568 1946 677 2018 oculis
698 1965 799 2016 omne
821 1967 882 2043 cor
901 1944 1060 2039 trepidat,
1085 1946 1262 2037 omnisque
1282 1946 1460 2017 conscien-

144 2050 191 2119 tia
214 2048 463 2138 contremiscit,
478 2044 677 2144 vpro'pitiare
706 2049 854 2118 omnium
880 2047 1083 2139 gemitibuS,
1116 2055 1150 2118 et
1169 2057 1370 2118 cunctorum
1390 2067 1460 2116 mo-

146 2149 228 2220 dere
256 2142 456 2222 vulneribus
478 2161 516 2222 ut
536 2153 625 2224 siout
645 2171 746 2222 nemo
766 2159 921 2224 nostrum
942 2147 1030 2222 liber
1049 2158 1101 2222 est
1120 2170 1141 2220 a
1161 2148 1339 2245 culpa-ita
1358 2169 1460 2223 nemo

146 2254 189 2324 sit
215 2252 347 2324 alienus
374 2274 393 2322 a
416 2255 546 2326 venia.-

702 2432 905 2442 Ἤ...-

251 2591 366 2662 uerter
387 2589 651 2664 Vtadobooeoaa‘s.
687 2601 724 2663 Et
741 2604 788 2665 dir
806 2605 992 2666 Orationem:
1020 2589 1141 2664 Ounoti
1159 2591 1370 2683 indulgentia
1391 2611 1462 2660 om-

137 2716 210 2767 nes
231 2692 394 2784 indigent.
441 2691 596 2766 Oramus.
636 2692 810 2768 Memento
836 2697 955 2767 famuli
973 2699 1022 2767 tui
1043 2695 1093 2765 ill.-
1113 2704 1147 2765 et
1167 2697 1225 2789 qui
1243 2691 1374 2764 lubrica
1393 2701 1463 2763 ter-

147 2798 224 2868 reni
249 2796 406 2889 corporis
429 2793 615 2885 fragilitate
637 2797 784 2871 nudatus
807 2810 860 2871 est
883 2808 947 2869 eto.
968 2817 999 2867 ut
1020 2824 1119 2885 supra.
1158 2805 1274 2866 Deinde
1293 2803 1366 2863 dicis
1386 2802 1463 2883 psal·

148 2925 239 2968 mum:
271 2895 423 2966 Benedic
445 2899 556 2966 anima
582 2920 659 2969 mea
681 2898 828 2979 Domino
853 2927 946 2990 usqae
968 2897 1200 2970 renovabitur.
1241 2905 1280 2966 Ει
1305 2905 1362 2965 dio.
1390 2912 1464 2966 orat.
1573 2923 1576 2929 ⁴

148 3009 239 3071 hanc:
271 2998 426 3071 Oramus.
480 2998 575 3072 Deus
598 3000 660 3072 suh
682 3004 778 3074 cuius
802 3004 911 3076 oculis
935 3012 998 3072 etc.
1023 3019 1173 3090 utsupra.
1225 3006 1262 3068 Et
1286 3005 1359 3067 dicis
1387 3005 1465 3087 psal·

148 3130 226 3170 mum
240 3110 513 3188 quinquagesimum
530 3098 699 3175 Miserere
716 3107 784 3174 mei
797 3104 892 3176 Deus
913 3132 1007 3194 usque
1026 3124 1144 3175 omnes
1163 3103 1355 3195 iniquitates
1370 3120 1466 3171 meas

151 3203 261 3302 dela
292 3209 331 3271 Et
351 3211 424 3271 dicis
445 3211 520 3272 hanc
540 3222 614 3275 orat.
663 3204 837 3282 Oramus.¹
872 3207 1003 3278 Precor
1029 3205 1177 3276 Domine
1200 3202 1403 3293 clementiae
1431 3208 1465 3270 et

148 3303 408 3377 misericordiae
430 3313 510 3374 tuae
536 3308 760 3397 maiestatem,
783 3317 821 3378 ut
845 3307 974 3379 famulo
997 3317 1056 3378 tuo
1083 3306 1129 3376 ill.
1152 3312 1295 3400 peccata
1322 3311 1356 3372 et
1382 3301 1468 3401 faci-

149 3428 235 3478 nora
261 3428 323 3479 sua
353 3405 527 3477 confitenti
554 3411 691 3478 veniam
720 3409 881 3480 relaxare
908 3409 1060 3500 digneris
1089 3407 1292 3506 delictorum
1312 3412 1347 3474 et
1367 3396 1467 3498 piae-

149 3512 330 3580 teritorum
351 3510 528 3577 criminum
549 3509 668 3603 culpas
690 3510 882 3602 indulgeas,
909 3513 967 3605 qui
993 3508 1142 3578 humeris
1168 3510 1235 3577 tuis
1263 3526 1366 3576 ovem
1388 3528 1467 3601 pcr-

152 3610 255 3680 ditam
274 3607 456 3696 reduxisti,
480 3611 537 3702 qui
557 3609 729 3703 publicani
750 3632 875 3705 preces
898 3611 1118 3683 confessione
1145 3609 1299 3703 placatus
1326 3607 1469 3678 exaudi-

151 3713 267 3799 sti„tu
295 3713 396 3780 etiam
422 3710 502 3780 huic
522 3709 651 3781 famulo
673 3721 731 3783 tuo
758 3712 899 3806 placare
925 3713 1092 3800 Domine,
1118 3721 1155 3782 tu
1181 3708 1281 3782 huius
1306 3707 1468 3804 precihus

150 3813 320 3904 benignus
343 3811 492 3907 adspira,
515 3822 552 3884 ut
571 3815 607 3883 in
625 3811 845 3886 confessione
861 3813 1042 3908 placabilis
1058 3821 1256 3908 permaneat
1274 3808 1375 3883 fletus
1394 3814 1469 3884 eius

153 3924 187 3986 et
212 3917 332 4010 petitio
355 3925 556 4008 perpetuam
578 3916 794 3987 clementiam
816 3915 978 3988 celeriter
999 3926 1140 4004 exoret,
1168 3916 1363 4009 sanctisque
1385 3913 1468 3982 alta·
1522 3985 1525 3991 ,

151 4016 247 4090 ribus
268 4027 303 4089 et
322 4018 482 4090 sacrariis
503 4019 679 4091 restitutus
699 4021 773 4113 spei
787 4039 907 4091 rursus
922 4028 1084 4089 aeternae
1099 4039 1141 4087 ao
1155 4017 1316 4089 coelestis
1335 4013 1469 4105 gloriae

144 4121 373 4215 mancipetur.
422 4116 498 4190 Per.
552 4129 708 4207 Interroga
729 4149 793 4191 eum
814 4132 840 4190 si
862 4130 919 4191 iam
938 4129 1093 4191 coufessus
1107 4130 1214 4190 fuisset
1228 4136 1257 4219 et
1275 4133 1399 4206 propter
1411 4123 1471 4184 hoc

153 4232 323 4309 interroges
344 4231 370 4290 ri
388 4231 453 4313 ipse
472 4229 581 4310 aliquid
603 4232 640 4293 de
665 4232 741 4293 malo
757 4233 878 4310 iugenio
887 4220 918 4318 ¹)
938 4232 1092 4293 hebetant
1112 4232 1149 4292 de
1167 4232 1246 4291 tarto
1260 4236 1309 4287 aut
1323 4226 1360 4286 de
1373 4225 1470 4305 aliqua
1536 4288 1541 4293 ,

155 4351 242 4394 causa
259 4333 445 4395 iniustificata
464 4343 565 4396 contra
580 4321 776 4411 directum.²)
817 4337 850 4396 Si
865 4336 1018 4397 confessus
1034 4336 1123 4396 luerit
1140 4331 1219 4413 quod
1233 4328 1338 4407 habet,
1356 4328 1471 4389 instrue

153 4468 363 4478 ———--—-

221 4525 249 4602 1)
265 4531 450 4601 lugarium
471 4532 515 4588 hic
538 4539 565 4588 et
582 4532 652 4588 infra
666 4530 774 4604 saepius
788 4548 823 4587 ex
833 4534 913 4588 'more
925 4531 1089 4603 scriptorum
1104 4526 1185 4584 medii
1196 4527 1258 4586 aevi
1270 4525 1406 4597 siguificat
1419 4523 1471 4579 do·

157 4615 222 4684 lum,
238 4614 369 4688 astutiam,
384 4623 457 4676 artes
471 4606 564 4676 malas.
608 4611 638 4690 2)
654 4615 823 4690 contraius,
839 4622 933 4674 contra
949 4620 1132 4690 praeceptum.
