3202 5176
842 360 868 397 Vl

200 525 328 594 stianos
354 519 398 590 ad
423 518 595 614 pristinam
622 512 839 587 concordiam
866 511 1055 602 reducere,
1087 537 1131 587 ne
1159 515 1268 587 dicam
1294 521 1505 613 pugnacibus

200 623 451 695 Polemicorum
473 619 611 707 libellis,
632 620 783 714 ipsorum
807 617 1076 710 dogmaticcrum
1098 619 1395 714 disputationibus:
1419 634 1452 695 at
1473 627 1508 695 in

200 748 243 797 eo
266 746 385 820 campo
403 722 613 814 theologiae
641 743 741 815 quem
759 726 946 815 practioum
964 720 1139 814 appellare
1153 721 1246 811 licet,
1266 724 1403 796 frondet
1415 731 1507 822 paci-

199 827 296 898 ferae
320 828 433 898 alivae
455 847 578 897 ramus.
632 822 677 895 Ut
706 845 809 893 unum
831 822 1025 917 exemplum
1048 824 1199 913 afferam
1226 828 1260 895 in
1283 828 1437 902 omnibus
1459 829 1508 900 di-

201 951 379 1003 versarum
411 928 634 1000 ecclesiarum
667 925 833 1017 liturgiis,
867 927 898 999 si
923 927 1082 999 mittimus
1108 927 1261 1020 παρέργα
1287 938 1389 1025 atque
1412 924 1508 1002 ddcd-

202 1058 308 1126 φορα,
331 1031 451 1102 eadem
470 1032 642 1101 invenitur
660 1028 770 1099 Deum
792 1039 827 1100 et
847 1026 982 1099 Patrem
1002 1026 1080 1100 lesu
1104 1027 1229 1103 Christi
1251 1032 1388 1103 colendi
1407 1039 1506 1123 ratio,

201 1135 343 1207 eaedem
364 1134 524 1225 leguntur
546 1134 746 1219 sententiaa
773 1153 897 1226 preces
919 1129 1120 1204 adhibentur
1140 1143 1241 1225 atque
1265 1138 1423 1231 suspiria,
1451 1159 1507 1208 ea-

201 1239 277 1308 dem
312 1234 528 1307 celebrantur
563 1244 791 1322 sacramenta‚
826 1242 952 1304 mutato
979 1236 1115 1305 nomine
1144 1246 1178 1306 ει
1204 1235 1333 1326 forma,
1367 1249 1505 1310 servato

201 1338 412 1412 Christianae
429 1339 606 1432 religionis
628 1339 776 1430 ingenio.
824 1333 954 1419 Quodsi
976 1339 1085 1409 minus
1104 1348 1220 1410 notum
1243 1350 1277 1411 et
1297 1341 1505 1412 celebratum

201 1452 271 1531 εει,
304 1462 442 1513 causam
467 1461 612 1535 quaeras
643 1449 676 1511 et
703 1439 792 1534 apud
816 1434 1011 1511 Catholicae
1043 1448 1077 1511 et
1104 1440 1193 1535 apud
1215 1442 1448 1534 Evangeliccs
1469 1446 1505 1513 in

199 1547 288 1638 turpi
304 1565 345 1613 ac
365 1542 498 1617 funesta
517 1546 653 1631 rituum,
672 1545 728 1637 qui
746 1540 788 1613 ab
802 1540 1009 1614 adversariis
1023 1554 1244 1637 peraguntur,
1262 1548 1402 1618 inscitia.
1432 1544 1504 1616 lam

199 1647 310 1734 vides,
334 1667 401 1740 quo
424 1646 568 1718 consilio
590 1643 656 1716 boc
677 1645 861 1732 volumen,
882 1643 973 1738 quod
995 1647 1029 1715 in
1049 1645 1202 1720 manibus
1222 1646 1381 1736 habetur,
1403 1648 1503 1719 elicr-

198 1769 372 1821 maverrm.

300 1850 392 1925 Sane
417 1851 484 1922 viri
510 1849 601 1920 docti
626 1849 785 1944 permulti
811 1848 854 1920 de
881 1848 1004 1922 divinis
1031 1848 1201 1923 ecclesiae
1228 1851 1403 1922 Romanae
1431 1852 1504 1924 oili-

199 1956 260 2027 ciis
287 1953 478 2025 uberrimos
506 1952 718 2045 reliquerunt
745 1953 1006 2025 commentarios
1036 1972 1077 2021 ac
1096 1953 1182 2026 ritus
1210 1956 1502 2047 caerimoniasque

200 2056 448 2151 operosissimis
470 2056 604 2149 scriptis
625 2054 844 2127 illustrarunt.
887 2054 937 2127 At
957 2074 1044 2126 vero
1066 2075 1107 2125 ea
1130 2077 1217 2149 quae
1238 2055 1392 2128 omnibus
1416 2059 1503 2127 scitu

197 2160 391 2230 necessaria
412 2156 583 2245 videntur,
605 2178 668 2252 per
687 2166 738 2228 tot
758 2166 954 2249 argumenta
974 2154 1150 2251 librosque
1172 2157 1329 2231 diversos
1349 2157 1502 2253 dispersa

198 2270 287 2351 sunt,
305 2271 342 2331 ut
360 2282 427 2331 non
445 2269 512 2330 tam
529 2259 717 2330 illuminent
736 2283 836 2355 quam
855 2258 1040 2332 distrahant
1058 2269 1213 2331 mentem.
1252 2260 1361 2331 Porro
1381 2260 1501 2333 horum

199 2362 407 2435 voluminum
427 2363 635 2458 comparatio
656 2371 689 2434 ει
706 2384 788 2436 usus
802 2385 870 2434 ncn
883 2365 928 2433 ita
942 2362 1053 2434 facilis
1067 2371 1132 2451 εει,
1152 2383 1227 2433 cum
1242 2361 1317 2437 aliis
1332 2364 1375 2434 de
1390 2366 1501 2435 causis

197 2464 309 2539 multis
330 2475 401 2536 tum
421 2467 631 2561 potissimum
654 2464 697 2537 ob
720 2468 772 2536 rei
796 2464 972 2561 familiaris
998 2467 1193 2558 augustias,
1223 2464 1343 2561 quibus
1366 2466 1502 2561 plurimi

153 2573 159 2585 ’
198 2566 240 2639 ab
265 2569 317 2641 his
343 2567 529 2641 rarioribus
563 2566 819 2663 carioribusquc
852 2567 947 2641 libris
972 2567 1196 2663 prohibentur
1222 2589 1263 2638 ac
1290 2568 1499 2639 detinentur:

197 2669 342 2765 denique
362 2671 476 2744 multis
493 2692 563 2741 non
584 2670 697 2741 datum
716 2680 769 2745 est
791 2692 877 2767 opus
899 2669 1043 2763 aggredi
1064 2671 1217 2763 longum.
1236 2668 1439 2764 perplexum
1460 2688 1500 2735 ac

195 2772 330 2871 plurimi
355 2775 423 2844 otii.
460 2770 594 2866 'ltaque
620 2794 686 2865 ego
713 2794 853 2869 operam
878 2775 914 2842 in
939 2792 994 2840 mc
1019 2775 1196 2866 suscipere
1222 2791 1325 2843 ausus
1352 2792 1438 2858 sum,
1464 2772 1500 2838 in

197 2896 299 2947 unum
326 2874 545 2969 congerendo
572 2897 660 2969 quae
686 2875 782 2946 velut
805 2876 940 2971 potiora
967 2893 1008 2942 ac
1034 2875 1196 2964 graviora
1223 2871 1265 2942 ad
1287 2875 1499 2967 propositum

196 2978 277 3049 mihi
297 2976 397 3048 finem
419 2978 535 3048 iacere
558 2988 725 3072 poterant
746 2978 836 3049 hunc
858 2975 1008 3047 condere
1031 2972 1192 3047 Codicem
1213 2972 1420 3066 Liturgicum
1442 2997 1498 3045 ec-

198 3080 324 3152 clesiae
355 3082 556 3169 universae,
592 3103 638 3151 ex
668 3083 774 3154 vastis
799 3076 1029 3152 voluminibus
1054 3079 1089 3149 in
1116 3079 1286 3174 epitomen
1311 3076 1496 3149 redactum.

197 3183 324 3254 Rerum
354 3183 513 3254 collectio
542 3193 658 3278 parata
688 3193 760 3272 εει,
788 3192 875 3277 quac
898 3182 1145 3275 exspectationi
1170 3179 1282 3273 aliqua
1306 3181 1423 3253 saltem
1453 3202 1498 3250 ex

196 3294 293 3382 parte
331 3286 529 3359 satisfacere
560 3296 682 3382 potest.
750 3282 1079 3372 (dementationes,
1118 3282 1291 3355 nonnuIHs
1333 3282 1497 3378 capitibus

197 3391 419 3483 praemissas,
446 3399 546 3463 notas
574 3391 698 3483 passim
728 3389 871 3480 margini
890 3385 1091 3479 adspersas,
1121 3384 1243 3478 quibus
1262 3385 1322 3455 vel
1343 3387 1427 3457 ritus
1454 3383 1495 3455 ab

197 3492 341 3584 antiquis
364 3490 573 3587 temporibus
595 3500 810 3585 repetuntur,
843 3488 903 3560 vel
929 3488 1211 3558 caerimoniarum
1233 3489 1395 3582 mysteria
1417 3509 1497 3581 ape-

197 3595 327 3664 riuntur
351 3594 411 3665 uel
436 3596 572 3666 omnino
601 3592 815 3664 difficultates
837 3588 1081 3684 explanantur,
1113 3589 1270 3663 consulto
1293 3588 1495 3661 arctioribus

196 3693 316 3768 finibus
339 3699 498 3787 continui‚
520 3720 564 3768 ne
586 3696 641 3767 hic
662 3716 797 3790 quoquc
819 3691 907 3764 liber
928 3694 963 3763 in
981 3694 1153 3785 ingentem
1170 3693 1296 3764 molem
1315 3713 1497 3763 excresce

197 3806 251 3869 ret
276 3819 316 3867 ac
338 3797 494 3871 familiari
522 3802 670 3871 omniurn
698 3799 774 3870 usui
801 3793 1056 3869 subduceretur.
1108 3792 1261 3867 Eandem
1283 3797 1421 3868 hrstituti
1442 3816 1495 3864 ra-

196 3901 323 3972 tionem
343 3913 498 3992 secutus,
532 3905 560 3976 si
579 3901 655 3972 Dec
675 3898 840 3996 placebit,
873 3898 1024 3972 secundo
1053 3895 1189 3972 Codicis
1207 3908 1300 3970 tomo
1322 3899 1357 3967 in
1376 3896 1496 3967 Prote-

197 4006 354 4076 stantium
387 4006 478 4077 cultu
510 4005 624 4075 divino
655 4025 741 4097 quae
769 4011 958 4075 memoratu
987 4001 1089 4093 digna
1117 4011 1211 4090 sunt,
1241 4020 1440 4096 percurram
1461 4009 1494 4069 et

198 4104 383 4179 illustrabo.

297 4317 467 4381 scribebam
485 4316 564 4379 llalis
580 4317 662 4381 XXll
677 4320 787 4401 Aprilis
805 4317 1048 4383 dccccxcvii.
1169 4357 1176 4367 -

765 4513 930 4582 Herm.
953 4510 1239 4581 adalbertus
1259 4507 1447 4575 Daniel.
