3202 5176
571 202 588 239 s

839 337 914 411 tta

227 534 263 600 el
281 516 511 621 ‘adregimen
531 522 631 597 huius
653 523 762 617 tegni.
805 531 934 619 listrop.
955 531 1039 596 dicit:
1065 520 1145 603 Deo
1162 520 1301 617 gratias.
1349 526 1433 589 Tunc
1446 525 1533 590 sedet

227 639 296 701 lieu
314 637 425 700 medius
444 638 522 698 iuter
541 636 615 698 duos
628 633 795 717 llpiscopce
809 634 1009 714 deducentes,
1029 632 1206 713 congruenti
1220 632 1316 714 spatio
1330 649 1347 693 u
1361 629 1534 710 lletropoli·

228 751 318 819 tuno,
337 742 377 803 ita
391 750 421 801 ut
435 739 478 800 illi
492 739 597 801 faciem
610 745 724 816 vertat,
743 738 800 819 ipsi
815 741 902 801 etiam
915 738 1094 800 deducentes
1107 733 1248 817 Episcopi
1265 735 1369 797 senior
1382 732 1419 794 aul
1433 733 1534 795 dexte·

228 861 302 921 nm,
315 841 389 903 clius
403 840 438 903 ad
454 842 599 903 sinistram
608 841 701 920 llcgis
714 846 748 902 se'
762 840 909 904 collocant
922 849 954 901 ut
969 849 999 902 et
1012 840 1068 921 ip'si
1082 838 1297 901 all-alterutrum
1308 837 1400 900 facies
1409 843 1535 897 uertant.

231 944 345 1021 Quibus
357 945 402 1006 sic
414 942 597 1021 sedentibus,
612 952 765 1024 postquam
776 942 984 1026 aliquantulum
999 943 1175 1023 quieverint,
1189 939 1437 1021 iletropclitanus
1452 956 1535 1001 coro·

230 1047 355 1108 nandum
368 1045 481 1124 Regem
496 1044 648 1122 admonet,
664 1045 777 1108 diceus:
956 1119 959 1126 Ι

328 1136 412 1210 Cum
427 1138 529 1211 bodie
542 1160 606 1235 per
616 1159 735 1212 manus
747 1146 881 1211 nostras
895 1138 1020 1233 optimo
1033 1136 1198 1231 Princeps
1213 1136 1270 1230 qui
1283 1131 1410 1208 Christi
1424 1132 1536 1207 saluu-

228 1241 314 1315 toris
333 1243 442 1314 nostri
462 1243 542 1313 vioe
554 1244 589 1311 in
603 1240 667 1311 hac
678 1263 719 1312 rc
730 1239 901 1332 fungimur
915 1233 1086 1334 (quamvis
1098 1235 1245 1334 indigni)
1258 1258 1393 1312 sacram
1405 1238 1535 1309 unctio-

229 1365 308 1415 uem
324 1352 358 1416 et
371 1344 472 1434 regui
484 1344 629 1434 insignia
642 1345 690 1417 sis
704 1350 945 1436 suscepturusc
965 1340 1057 1414 bene
1067 1351 1132 1430 est,
1152 1349 1188 1412 ut
1199 1343 1343 1434 teprius
1357 1339 1402 1410 de
1417 1359 1535 1428 onere,

231 1444 274 1517 ad
300 1444 392 1539 qnod
406 1442 603 1532 destinaris,
624 1465 831 1517 moneamus.
861 1441 1006 1537 Regiam
1018 1443 1279 1537 bodiesusoipis
1293 1441 1536 1534 dignitatemct

230 1546 375 1641 regendi
387 1544 507 1620 fideles
520 1546 744 1642 populostibi
755 1546 956 1620 commissos
966 1567 1083 1618 omum
1093 1548 1207 1618 sumis.
1222 1543 1446 1616 Praeclarum
1455 1564 1535 1617 saue

230 1651 320 1721 iuter
332 1648 495 1722 mortales
509 1648 635 1738 locum,
648 1648 712 1724 sed
724 1648 936 1739 discriminis,
950 1644 1535 1744 laborisatqucuuxictutisplenum

230 1749 373 1840 Vemm,
388 1752 417 1824 si
430 1749 718 1840 consideraveris,
732 1749 824 1846 quod
837 1753 946 1825 omnis
959 1760 1111 1847 potestas
1125 1748 1386 1821 aDominoDeo
1399 1758 1465 1837 est,
1476 1770 1538 1843 per

231 1874 333 1950 quom
352 1871 456 1945 reges
477 1862 626 1946 regnant,
641 1863 676 1927 et
694 1853 812 1948 legum
826 1853 1034 1928 conditoresi
1047 1863 1122 1927 usta
1136 1851 1336 1940 decernunt,
1348 1860 1386 1923 tn
1401 1871 1537 1945 quoquo

232 1955 278 2027 de
298 1974 407 2048 grege
429 1954 491 2027 tibi
515 1957 697 2029 commisso
719 1957 784 2052 ipsi
804 1955 881 2027 Deo
900 1957 1066 2028 rationem
1085 1978 1124 2030 es
1140 1953 1345 2028 redditurus.
1389 1953 1537 2025 Primum

230 2060 391 2153 pietatem
411 2055 580 2146 servabis,
601 2057 783 2157 Dominum
799 2056 911 2129 Deum
927 2067 1021 2130 tuum
1042 2067 1114 2130 tota
1134 2066 1247 2129 mente
1266 2079 1308 2128 ac
1325 2077 1413 2152 puro
1430 2053 1535 2127 corde

220 2157 338 2231 coles.
394 2154 616 2231 Christianam
642 2158 845 2251 religionem
867 2181 909 2231 ac
933 2157 1043 2231 iidem<
1061 2157 1271 2232 Gaetulicum
1293 2180 1394 2253 quam
1417 2179 1465 2228 ex
1485 2158 1536 2228 iu·

232 2256 409 2333 cunabulis
426 2257 605 2355 professus
624 2282 663 2335 es
680 2260 841 2333 adfinem
858 2283 967 2356 usque
983 2263 1180 2336 inviolatum
1197 2261 1375 2351 retinebis,
1395 2281 1537 2355 eumque

232 2372 351 2434 contra
373 2379 492 2434 omues
511 2362 734 2437 adversantes
753 2386 816 2460 pro
836 2363 966 2437 vuitus
983 2363 1157 2439 defendes.
1187 2362 1424 2439 Ecclesimunn
1441 2384 1538 2458 prac-

231 2464 309 2538 latis
343 2486 384 2535 ac
414 2464 555 2559 reliquis
587 2463 831 2540 Sacerdotibus
859 2466 1064 2560 condignam
1088 2469 1318 2539 reuerentiam
1349 2463 1536 2538 exhibebis.

225 2564 511 2655 Ecclesiasticum
532 2567 723 2640 libertatem
744 2589 814 2640 uon
834 2569 1031 2644 inculcabi's.
1072 2568 1235 2643 iustitiam
1261 2572 1336 2643 sime
1359 2590 1427 2662 qua
1447 2567 1538 2639 nulla

96 2736 100 2749 .
232 2671 381 2744 societas
408 2668 465 2741 diu
487 2673 676 2744 consistere
698 2680 824 2766 potest,
851 2693 934 2764 erga
958 2694 1076 2747 omnes
1098 2675 1303 2744 inconcusse
1328 2670 1538 2744 administra·

232 2769 304 2861 bis,
337 2769 437 2846 bonis
462 2774 634 2867 praemia,
661 2775 775 2846 noxiis
800 2772 930 2848 debitas
957 2797 1087 2870 poenas
1112 2773 1342 2849 retribuendo.
1395 2771 1538 2861 Viduas,

226 2872 391 2970 pupillus,
411 2895 581 2968 pauperes
602 2898 643 2946 ac
665 2874 795 2949 debiles
817 2875 859 2947 ab
882 2879 973 2969 omui
993 2880 1217 2972 oppressione
1242 2875 1419 2950 defendes.
1464 2874 1539 2948 Om-

232 2972 332 3046 nibus
357 2982 393 3045 te
411 2974 630 3066 adeuntibus,
658 2976 863 3069 benignum,
895 2989 1107 3052 mansuetum
1139 2989 1240 3075 utque
1267 2977 1451 3069 affabilem,
1477 2996 1538 3074 pro

231 3077 330 3169 regia
355 3084 414 3147 tua
440 3075 603 3169 diguitutc
621 3088 657 3150 te
679 3078 869 3174 praebebis.
916 3080 961 3152 Et
984 3083 1030 3153 ita
1052 3091 1212 3174 tegeres
1234 3091 1271 3154 ut
1292 3103 1365 3153 uon
1384 3080 1429 3152 ad
1451 3091 1540 3153 tuam

227 3178 295 3254 sed
328 3180 431 3252 totius
456 3179 575 3275 populi
600 3182 778 3254 utilitatem
803 3203 969 3275 regnare,
1001 3187 1254 3280 praemiumque
1280 3183 1539 3256 benefactorum

233 3290 382 3370 tuorum,
403 3299 473 3353 uon
493 3282 529 3353 in
548 3285 650 3357 terris
672 3282 734 3357 sed
753 3287 789 3355 in
806 3284 906 3358 coelo
925 3297 1129 3381 exspectare
1147 3286 1305 3360 videaris.
1348 3285 1448 3371 Quod
1464 3287 1538 3380 ipse

233 3393 412 3478 praestare
439 3383 608 3477 dignetur,
635 3389 693 3481 qui
717 3388 804 3459 vivit
830 3397 864 3461 et
889 3396 1011 3482 regnat
1034 3389 1132 3464 Deus
1156 3392 1192 3461 iu
1217 3387 1358 3463 saecula
1383 3387 1536 3464 saeculo·

230 3500 317 3556 rum.
361 3491 404 3578 ip.
430 3485 553 3558 Amen.

335 3595 400 3658 lieu
415 3599 528 3661 electus
541 3599 655 3663 accedit
667 3599 703 3661 ad
717 3599 973 3684 llmropoliteuum
988 3610 1019 3666 et
1033 3620 1133 3666 coram
1146 3620 1202 3682 eo,
1221 3602 1344 3666 detecto
1358 3603 1472 3684 capite,
1490 3616 1540 3680 gc·

233 3696 379 3777 nallexos,
396 3700 468 3762 lacit
484 3701 559 3763 banc
572 3703 790 3783 professionem
805 3704 923 3776 dicens;

334 3790 412 3884 Ego
437 3791 479 3866 N.
505 3793 583 3867 Deo
611 3807 792 3887 aunuente,
816 3797 952 3872 futurus
976 3791 1057 3870 Rex
1077 3795 1118 3870 N.
1139 3796 1303 3896 profiteor
1325 3806 1361 3871 et
1380 3796 1540 3893 promitto

231 3914 348 3967 coram
369 3894 446 3967 lieo
466 3905 501 3968 et
517 3896 664 3991 Angelis
687 3901 774 3990 eius,
794 3898 956 3997 deinceps
975 3900 1089 3994 legem
1105 3903 1265 3975 iustitiam
1283 3909 1323 3972 et‘
1336 3921 1461 3996 pacem
1477 3897 1541 3971 llo-

233 3997 374 4089 clesiae,
392 3998 590 4094 populoque
608 4000 688 4074 mibi
705 4001 859 4077 subiecto
878 4023 1064 4099 proposse
1086 4014 1119 4076 et
1136 4025 1241 4078 nosse
1259 4003 1393 4093 facere,
1411 4025 1455 4075 cc
1471 4023 1540 4075 ser·

232 4118 331 4191 vore,
353 4100 454 4174 salvo
476 4102 648 4196 condigno
670 4103 927 4180 misericordiae
948 4104 1016 4178 Dei
1034 4117 1207 4202 respectu,
1231 4109 1318 4179 sicut
1338 4107 1374 4177 iu
1398 4103 1541 4178 consilio

232 4197 382 4274 fidelium
404 4206 702 4282 meorum'melius
724 4216 847 4302 potero
870 4210 1035 4280 iuvenire.
1076 4206 1296 4283 Pontificibus
1319 4228 1460 4304 quoque
1478 4204 1542 4278 Ec

229 4301 416 4376 -olesiarum
442 4306 508 4379 Dei
535 4309 740 4401 condignum
766 4320 801 4383 et
827 4313 1028 4383 canonicum
1054 4311 1221 4385 honorem
1247 4309 1415 4384 exbibete
1441 4317 1541 4404 atque

235 4424 290 4492 eo,
313 4428 400 4500 quae
425 4406 467 4480 ub
488 4407 753 4507 imperatoribus
779 4421 813 4484 et
833 4411 987 4506 Regibus
1007 4413 1174 4488 Ecclesiis
1201 4414 1326 4487 collata
1349 4421 1385 4484 et
1398 4410 1541 4484 reddita

235 4516 325 4596 suut,
342 4509 584 4585 iuviolabiliter
603 4513 800 4587 observare.
830 4514 1020 4591 Abbatibus
1040 4514 1225 4593 comitibus
1244 4528 1279 4589 et
1295 4516 1439 4588 vasellis
1458 4514 1540 4585 meis

233 4629 423 4702 congruum
435 4611 602 4689 bonorem
614 4616 803 4693 secundum
818 4619 997 4692 consilium
1009 4616 1157 4693 bdelium
1171 4641 1340 4710 meorum,
1353 4626 1539 4716 praestare.
