3202 5176
690 361 768 436 bdd

76 548 212 622 mortali
233 570 338 620 carna
359 547 587 622 circumdatus
608 549 723 642 legem
740 557 895 637 naturae,
916 546 1106 623 libertatern
1124 549 1295 638 licentiae,
1316 550 1386 622 vim
1417 552 1420 557 ’

79 651 333 725 consuetudinis
353 660 387 723 et
401 651 555 725 stimulos
568 656 689 725 aetatis
703 653 894 741 evinceret,
911 653 977 725 nisi
989 661 1038 742 tu,
1057 650 1152 724 De'us
1164 651 1387 748 per-liberum
1469 673 1471 676 ·

77 755 251 828 arbitrium
279 754 369 826 hunc
398 757 435 826 in
463 758 515 828 eis
549 776 700 833 amorem
728 756 932 846 uirginitatis
955 753 1141 827 clementer
1162 756 1386 843 accenderes,

76 858 221 931 tubane
243 857 460 954 cupiditatem
482 861 516 929 in
536 880 652 930 eurum
676 856 836 929 cordibus
857 856 1025 951 benignus
1045 858 1172 949 aleres,
1196 868 1232 931 tu
1254 857 1387 937 fortitu-

77 962 190 1034 dinem
212 959 448 1034 ministrares?
486 959 603 1033 Effusa
625 982 771 1080 namque
792 962 827 1030 in
852 981 971 1033 omnes
992 970 1113 1053 gentes
1133 964 1242 1054 gratia
1259 968 1388 1043 tuacx

76 1067 170 1139 omni
185 1065 335 1155 natione,
356 1085 443 1158 quae
460 1063 523 1138 sub
543 1064 644 1136 coelo
664 1065 742 1136 est
732 1085 767 1133 ιιι
783 1062 958 1138 stellarum
975 1063 1253 1145 innumerabilem
1270 1038 1388 1136 uume-

76 1191 152 1241 rum
177 1169 262 1240 noui
284 1169 476 1259 testamenti
497 1165 703 1239 haeredibus
726 1165 912 1261 adoptatis,
933 1168 1022 1238 inter
1048 1176 1203 1241 caeteras
1228 1169 1388 1254 uirtutes,

78 1292 172 1366 quas
181 1268 258 1343 liliis
279 1254 346 1341 tuis
366 1290 437 1340 non
459 1267 757 1362 exsanguinibus,
779 1290 892 1363 neque
911 1290 960 1356 epi
978 1269 1156 1341 uoluntate
1178 1272 1303 1359 carnis,
1325 1267 1389 1342 scd

77 1372 122 1462 de
144 1372 272 1470 Spiritu
290 1369 421 1455 ‚Sancto
448 1381 507 1445 tuo
535 1375 659 1465 genitis
686 1370 834 1445 indidisti
860 1370 1053 1449 etiamtunc
1078 1370 1240 1453 donum·
1230 1395 1266 1453 uu
1288 1392 1388 1467 quas-

78 1476 155 1549 dam
176 1482 308 1553 mentes
331 1473 374 1545 de
392 1474 559 1567 largitatis
579 1483 659 1545 tuae
679 1472 777 1546 fonte
800 1470 958 1562 deduxit,
979 1483 1016 1545 ut
1037 1497 1115 1547 cum
1140 1473 1307 1551 honorem
1325 1496 1388 1546 nu·
1420 1518 1423 1522 -

52 1581 223 1676 'ptiarum
243 1576 344 1665 ,nulla
367 1575 548 1649 interdicta
573 1576 784 1664 minuissent,
811 1597 853 1647 ac
882 1597 987 1670 super
1013 1587 1166 1649 sanctum
1194 1579 1390 1671 coniugium

77 1678 236 1777 nuptialis
257 1677 451 1751 benedictio
477 1687 708 1772 parmaneret,
734 1679 1058 1765 existerent-tamen
1077 1678 1294 1753 sublimiores
1317 1681 1390 1751 ani-

78 1805 169 1872 mae,
190 1803 277 1876 quae
298 1782 333 1851 in
352 1782 419 1853 uiri
437 1802 480 1852 ac
497 1781 650 1853 mulieris
671 1780 795 1875 copula
812 1779 1004 1852 fastidirent
1023 1779 1245 1871 connubium,
1263 1803 1390 1853 concu-

78 1888 252 1981 piscarent
270 1880 550 1973 Sacramentum,
571 1905 637 1955 nec
656 1885 904 1972 imitarentur,
915 1882 1007 1977 quod
1027 1886 1151 1978 nuptiis
1179 1886 1304 1977 agitur,
1326 1880 1391 1959 sed

79 1987 273 2080 diligerent,
292 1977 383 2081 quod
402 1988 526 2081 nuptiis
544 1996 773 2081 praenotatur
808 1985 965 2078 Agnovit
982 1995 1160 2059 auctorem
1172 2008 1272 2061 suam
1288 1985 1391 2059 beata

78 2090 275 2181 virginiam,
303 2099 336 2161 et
362 2088 496 2161 aemula
522 2091 726 2181 integritatis
746 2088 960 2181 Angelicae,
984 2089 1080 2167 illius
1100 2088 1273 2179 thalamo,
1297 2089 1391 2164 illius

79 2192 237 2265 cubiculo
272 2211 311 2263 se
343 2190 503 2284 devovit,
539 2193 598 2287 qui
626 2193 676 2265 sic
701 2200 888 2286 perpetuae
917 2192 1130 2284 uirginitatis¹
1152 2202 1204 2267 est
1230 2211 1391 2287 sponsus,

80 2292 364 2390 quemadmodum
386 2303 574 2388 perpetuae
593 2296 796 2386 virginitatis
817 2302 870 2366 est
890 2291 989 2373 filius.
1022 2293 1284 2389 Implorantihus
1304 2315 1390 2385 ergo

80 2397 244 2471 auxilium
263 2405 356 2467 tuum
375 2395 512 2467 Domini
528 2406 563 2467 ει
581 2393 774 2467 confirmari
790 2417 830 2469 se
847 2394 1094 2467 benedictionis
1111 2405 1191 2469 tuae
1209 2417 1391 2483 consecra·¹

79 2503 173 2573 tione
193 2497 405 2594 cupientibus
428 2498 471 2569 da
492 2499 715 2592 protectionis
736 2506 815 2569 tuae
833 2499 1005 2569 munimen
1024 2500 1247 2590 etrcgimen,
1267 2520 1311 2570 ne
1330 2497 1391 2570 bo·

79 2605 142 2677 stis
167 2604 323 2695 antiquus
351 2602 409 2695 qui
434 2598 682 2672 excellentiora
703 2598 813 2672 studia
836 2597 1068 2674 subtilioribus
1094 2599 1230 2675 infestat
1247 2599 1392 2687 insidiis,

81 2704 125 2775 ad
148 2703 396 2778 obscurandam
402 2698 592 2823 'perfectae
615 2704 842 2774 continentiae
861 2702 1020 2797 palmam,
1045 2725 1109 2798 per
1129 2703 1277 2798 aliquam
1297 2697 1392 2775 men'·

79 2811 123 2881 tis
158 2816 275 2901 serpat
301 2808 466 2878 incuriam
493 2814 528 2876 ει
552 2808 661 2901 rapiat
688 2803 731 2876 dc
752 2806 937 2925 proposito
951 2807 1141 2898 virginum,
1168 2804 1393 2901 quodetiam
1473 2834 1476 2847 ·

79 2908 233 2983 moribus
255 2907 397 2980 decet
388 2931 503 2982 messe
525 2911 726 3004 nuptiarum.
770 2903 856 2980 Sit
846 2929 881 2980 ru
907 2910 958 2983 eis
974 2907 1144 3005 Dombre,
1168 2930 1238 3028 per
1265 2909 1393 2981 donum
1461 2950 1464 2959 a

81 3010 227 3106 Spiritus
259 3008 309 3082 tui
334 3011 485 3107 prudens
507 3011 693 3101 modestia,
721 3011 858 3106 sapiens
878 3000 1089 3104 bemgnitas,
1116 3013 1236 3104 gravis.
1254 3008 1393 3100 lenitas,

82 3119 176 3183 casta
196 3105 346 3184 libertas
388 3111 429 3184 ln
448 3115 588 3185 caritate
609 3111 768 3186 ferveant
788 3121 822 3183 et
839 3113 922 3185 nihil
942 3122 1040 3184 extra
1057 3124 1092 3195 te
1112 3113 1262 3206 diligant
1304 3110 1393 3183 Lau-

82 3211 239 3284 dabiliter
264 3215 394 3303 vivant,
416 3211 616 3308 laudarique
636 3235 706 3285 non
728 3224 896 3310 appetant
940 3212 1021 3285 Τε
1011 3236 1046 3285 ιιι
1067 3214 1245 3287 sanctitate
1268 3234 1392 3309 eorpo-

80 3316 148 3406 ris,
179 3316 255 3385 ιε
243 3334 279 3385 ιιι
308 3314 439 3385 animae
473 3332 557 3388 suae
584 3316 729 3411 puritate
758 3314 960 3407 glorillcent
1007 3315 1146 3389 Amore.
1172 3326 1206 3388 te
1240 3314 1392 3407 timeant,

82 3436 200 3488 amore
225 3416 287 3488 tibi
313 3415 577 3501 sentientia
604 3417 722 3491 cissis
746 3415 873 3509 bonor,
898 3425 949 3489 ιιι
956 3415 1132 3512 gaudium,
1161 3410 1197 3490 tu
1218 3415 1393 3511 voluntas,

81 3529 118 3592 tu
141 3522 177 3590 in
195 3534 354 3592 maerore
375 3519 551 3610 solatium,
575 3523 644 3591 tu
633 3541 669 3590 rn
689 3517 907 3614 ambiguitate
930 3519 1127 3610 consilium,
1156 3531 1194 3593 tu
1214 3524 1248 3593 in
1270 3519 1392 3593 iniuria

45 3701 49 3713 ,
82 3621 256 3709 defensio,
276 3625 313 3693 in
334 3621 553 3694 tribulatione
574 3623 735 3720 patientia
761 3626 797 3694 in
822 3632 1021 3721 paupertate
1044 3621 1297 3715 abundantia,
1287 3646 1322 3696 ιιι
1342 3622 1392 3694 ιε-

82 3727 174 3796 ιιιιο
202 3722 314 3816 cibus,
341 3726 377 3796 in
398 3722 590 3797 infirmitate
616 3724 839 3816 medicina,
829 3747 864 3798 m
889 3735 923 3797 te
950 3722 1098 3798 babeant
1125 3730 1257 3818 omnia,
1274 3742 1391 3822 quern
1524 3704 1527 3708 ¹
1580 3760 1582 3769 ·

82 3823 227 3920 diligere
254 3836 417 3926 appetant
440 3846 545 3926 super
566 3828 699 3921 omnia,
712 3848 776 3925 per
797 3839 831 3902 te
852 3828 948 3924 quod
964 3840 1041 3903 sunt
1063 3828 1255 3926 professae,
1277 3837 1392 3900 custo-

82 3926 424 4003 diam.Scri1tatori
452 3938 631 4028 pectorum
659 3950 728 4003 non
760 3950 908 4028 corpore
933 3931 1142 4036 placiturae,
1176 3933 1238 4008 sed
1264 3938 1390 4021 ruente,

81 4036 283 4103 transeant
274 4056 309 4104 ιι
329 4056 507 4105 numerum
525 4029 717 4130 puellarum
728 4037 994 4131 sapientum,ut
955 4034 1197 4110 uatedclestem
1215 4040 1390 4129 sponsum,
1488 4080 1494 4087 ·

81 4136 245 4207 virtutum
271 4132 428 4210 accensis
454 4136 693 4259 lampadibus,
702 4155 779 4208 oum
800 4134 879 4210 aloc
901 4140 1169 4234 praeparationis
1193 4143 1389 4233 expectent,

82 4258 148 4308 nec
173 4237 366 4310 turbatae
355 4243 558 4361 improuiso
566 4243 660 4334 regis
680 4240 850 4330 adventu,
877 4239 939 4314 sed
965 4261 1129 4328 securae,
1159 4259 1236 4308 cum
1262 4237 1388 4309 lumine

84 4346 119 4408 et
146 4342 440 4434 praecedentium
452 4346 624 4436 virginum
653 4343 759 4415 choro
786 4347 933 4433 iunctae,
954 4341 1178 4414 iucundanter
1197 4348 1386 4412 occurrant.

83 4440 127 4512 Et
148 4461 193 4511 ne
216 4444 463 4516 excludantur
468 4466 545 4516 curn
567 4444 689 4535 stultis,
714 4447 776 4520 sed
799 4446 984 4540 regalem
973 4465 1113 4515 ianuam·
1131 4462 1207 4513 cunr
1230 4445 1387 4538 sapienti-
1462 4460 1465 4473 ·

83 4543 148 4616 hus
174 4546 364 4637 uirginibus
385 4548 530 4620 licenter
553 4552 723 4622 introeant
748 4560 784 4622 ει
807 4552 843 4623 in
864 4551 944 4641 agni
968 4549 1204 4643 imperpetuo
1227 4547 1388 4617 comitatu

83 4645 280 4743 probabiles
299 4670 457 4726 mansura
477 4654 882 4750 maium-permaneant
911 4646 1388 4743 ·ιιιιιιιιιιιιι·εειιιειιιιιιιιιι·ι
1448 4744 1460 4755 Ι
