3202 5176
707 303 948 422 «rao

184 536 413 634 Stephanum,
439 536 561 607 merito
579 493 785 630 praecipuae
808 537 972 608 castitatis
1000 533 1043 606 ab
1068 536 1249 631 Apostolis
1279 534 1322 607 ad
1351 535 1503 608 cilicium

183 641 274 714 istud
291 641 446 713 electum.
491 635 630 726 Curate,
648 647 685 708 ut
706 636 827 731 quibus
843 636 1073 730 Evangelium
1092 661 1154 710 ore
1173 640 1389 721 annuntiatis,
1409 638 1510 712 vivis‘

184 742 346 837 operibus
369 742 550 837 exponatis
568 748 605 809 ui
631 738 673 809 de
695 739 797 811 vobis
821 740 969 811 dicatur:
998 737 1097 811 Beati
1121 740 1229 834 pedes
1257 742 1502 833 evangelizan-

78 853 101 886 ·’
182 847 266 916 tium
287 843 387 914 bona.
441 842 573 913 Habete
600 841 709 934 pedes
734 851 873 913 vestros
903 842 1087 913 calceatos·
1103 841 1308 915 Sanctorum
1330 845 1501 938 exemplis

182 948 218 1017 in
240 947 504 1041 praeparatione
527 943 712 1034 Evangelii
733 946 838 1039 pacis.
885 941 987 1028 Quod
1009 943 1111 1016 uobis
1134 945 1301 1019 Dominus
1332 947 1502 1018 concedat

180 1069 246 1144 per
265 1050 409 1139 gratiam
428 1068 533 1118 suam.
587 1042 816 1141 mnmenl).
1204 1079 1206 1086 ·

200 1163 206 1169 '
283 1158 360 1219 Dein
384 1159 417 1219 P.
447 1158 556 1219 sedens
582 1159 612 1217 in
636 1157 802 1217 faldistorio
825 1165 881 1217 etc.
903 1154 1084 1233 intelligibili
1101 1170 1184 1218 voce
1205 1156 1366 1240 alloquitur
1389 1159 1500 1221 elerum

182 1268 213 1323 et
225 1260 366 1341 populum
381 1261 499 1323 dicens:
520 1245 707 1322 Commune
727 1258 847 1320 votum
868 1257 932 1321 etc.
954 1267 986 1317 ιιι
999 1275 1028 1338 p.
1046 1254 1126 1322 220.

283 1361 399 1423 Deinde
434 1381 562 1440 surgens
588 1362 620 1423 P.
645 1370 726 1421 stans
747 1379 852 1423 versus
873 1359 1060 1422 Ordinandos
1080 1359 1152 1422 dicit
1173 1360 1231 1422 alta
1255 1381 1332 1425 uoce
1353 1364 1499 1441 legendo:

183 1452 328 1526 Oramus
350 1454 474 1527 iratres
498 1457 662 1528 carissimi
685 1463 748 1523 eto.
777 1472 809 1523 ιι
827 1482 856 1544 p.
870 1458 943 1524 218.

282 1565 398 1626 Deinde
413 1568 545 1627 extensis
556 1565 687 1627 manibus
700 1575 768 1626 ante
782 1574 886 1645 pectus
901 1564 974 1625 dicit
992 1554 1060 1627 Pel·
1079 1556 1191 1627 omnia
1218 1557 1358 1629 saecula
1379 1579 1498 1630 saecu-

91 1724 92 1728 ,
181 1645 303 1730 lorum.
353 1663 395 1750 lb
426 1658 548 1730 Amen.
602 1658 769 1738 Dominus
795 1657 985 1729 vobiscum.
1021 1662 1064 1748 lb
1118 1658 1261 1729 Etcum
1284 1662 1406 1754 spiritu
1429 1670 1496 1731 tuo

182 1757 324 1833 Sursum
354 1761 540 1852 eordamlb
593 1759 766 1831 Habemus
792 1759 842 1830 ad
862 1760 1054 1830 Dominum
1108 1750 1241 1834 Gratias
1267 1783 1410 1858 agamus
1427 1761 1498 1833 Do-

180 1863 271 1933 mino
295 1860 372 1933 Deo
395 1870 524 1935 nostro.
554 1867 596 1954 lb
646 1861 796 1954 Dignum
824 1872 857 1932 et
882 1865 1008 1934 iustum
1031 1871 1091 1934 est.

283 1962 378 2034 Vere
400 1965 549 2055 dignum
559 1974 594 2037 et
616 1967 740 2037 iustum
763 1974 816 2037 est
837 1986 983 2059 aequum
1005 1974 1040 2035 et
1059 1965 1223 2053 salutare.
1245 1985 1310 2038 nos
1329 1966 1389 2036 tibi
1408 1987 1496 2037 sem-

100 2148 105 2165 ἱ
179 2086 244 2161 per
277 2075 312 2136 et
337 2065 463 2160 ubique
490 2069 617 2158 gratias
640 2088 769 2157 agere„
799 2066 946 2137 Domine
972 2076 1109 2155 sancte,
1138 2066 1242 2137 Pater
1269 2071 1494 2163 omnipotens.

181 2175 323 2238 aeterne
341 2167 437 2239 Deus
471 2167 640 2239 honorum
666 2167 783 2256 dator,
813 2169 1037 2262 ordinumque
1060 2168 1259 2241 distributor
1280 2196 1372 2258 oeque
1397 2178 1432 2239 ad
1457 2180 1494 2241 tu

180 2276 351 2342 scrutator
378 2292 416 2343 es
446 2270 600 2342 cordium
620 2289 652 2340 ιιι
674 2297 703 2360 p.
725 2264 815 2340 217.
844 2269 898 2340 Tu
919 2269 1042 2342 borum
1063 2273 1169 2343 vitam
1195 2271 1341 2345 coelesti
1363 2273 1495 2367 poteris

180 2373 378 2443 examinare
400 2372 526 2463 iudicio
549 2394 616 2467 quo
638 2394 775 2467 semper
795 2371 978 2468 praevales
1001 2382 1035 2444 et
1055 2373 1202 2448 admissa
1222 2394 1374 2469 purgare
1396 2383 1431 2444 et
1454 2395 1496 2443 ea

181 2484 370 2568 quaesunt
396 2474 530 2567 agenda
557 2474 760 2546 concedere.

282 2584 337 2646 llic
351 2587 434 2647 aolus
448 2587 480 2648 P.
496 2605 609 2647 manum
626 2587 776 2648 dexteram
790 2585 975 2664 extendens,
998 2587 1082 2666 ponit
1095 2605 1186 2667 super
1202 2599 1289 2687 capnt
1305 2587 1427 2649 cuilibet
1449 2606 1494 2649 or-

62 2685 66 2691 ’
180 2684 307 2748 dinando
328 2697 359 2748 et
383 2689 479 2750 nullus
505 2690 596 2766 alius,
618 2691 684 2769 quia
706 2707 765 2750 non
785 2687 820 2749 ad
842 2687 1045 2750 Sacerdotium
1059 2688 1112 2748 sed
1133 2689 1168 2750 ad
1183 2690 1379 2750 ministerium
1393 2706 1494 2750 eonse-

180 2797 309 2865 cantur,
324 2790 425 2851 dicens
440 2792 581 2867 singulis:
599 2781 731 2883 Accipe
741 2778 902 2901 Spiritum
911 2779 1073 2854 Sanctum
1086 2781 1129 2851 ad
1142 2781 1262 2871 robur,
1277 2783 1322 2853 ad
1333 2784 1495 2858 resisten-

109 2884 115 2896 '
179 2879 259 2951 dum
282 2881 419 2953 diabolo
442 2893 476 2952 et
496 2877 737 2955 tentationibus
760 2887 843 2967 cius
896 2882 936 2954 ln
961 2886 1098 2955 nominc
1125 2880 1316 2980 o0m1n2)

282 2991 389 3053 Postea
403 2996 591 3074 prosequitur
604 2995 633 3053 io
648 2995 841 3073 primamne,
857 3004 1008 3066 extensam
1022 2992 1127 3057 tenens
1143 3000 1256 3056 manum
1271 2985 1433 3079 dexteram,
1448 3014 1493 3055 us-

179 3111 239 3174 que
256 3095 286 3153 in
301 3095 387 3155 linem
402 3096 613 3158 Praelationis:
635 3085 783 3159 Emitte
774 3104 809 3158 ln
827 3109 889 3161 eos
908 3104 1114 3184 quaesumus
1131 3098 1194 3161 eto.
1208 3117 1303 3180 usque
1318 3099 1354 3159 ad
1367 3112 1493 3184 capeto

177 3180 315 3282 potiora
341 3197 538 3259 mereantur
560 3218 588 3279 p.
603 3193 677 3258 219.

283 3297 369 3372 Quod
388 3301 521 3378 sequitur
535 3302 605 3361 dicit
618 3301 763 3361 submissa
777 3319 853 3363 voce
867 3299 997 3380 legendo
1016 3300 1056 3360 ita
1070 3308 1166 3361 tamen
1181 3301 1259 3381 quod
1273 3321 1290 3364 a
1304 3301 1491 3362 circumstan-

178 3397 257 3460 tibus
276 3400 372 3479 possit
385 3403 478 3463 audiri
504 3393 571 3464 Per
597 3393 743 3465 eundem
761 3393 944 3466 Dominum
971 3403 1035 3465 ctu.

281 3502 352 3563 Post
372 3502 447 3566 baec
460 3504 492 3565 P
509 3506 617 3566 sedens
632 3505 753 3566 cuilibet
767 3506 929 3568 ordinando
943 3515 1012 3566 ante
1027 3523 1061 3566 se
1079 3505 1239 3584 genollexo
1253 3505 1379 3567 stolam
1371 3507 1495 3586 imponit

181 3671 387 3680 ——---—--—-

242 3763 271 3844 1)
287 3769 361 3824 llaeo
376 3782 483 3840 quoque
497 3742 681 3827 Diaconorum
698 3769 853 3827 exhortatio
873 3768 1037 3826 recentioris
1052 3768 1168 3842 originis
1185 3776 1235 3826 est.
1270 3769 1300 3825 ln
1318 3767 1417 3828 Pontii.
1434 3768 1491 3823 llo-

178 3859 253 3922 gunt.
269 3870 340 3908 saec.
354 3853 425 3912 Xlll.
437 3853 558 3910 breviter
573 3862 743 3927 exponuntur
756 3855 846 3911 oliioia
858 3854 989 3910 Diaconi:
1014 3854 1163 3911 Diaconum
1175 3861 1287 3926 oportet
1298 3851 1493 3910 Sacerdotibus

65 3944 76 3950 '
176 3936 306 3994 assistere
328 3945 356 3993 et
370 3937 524 3994 ministrare
539 3939 573 3995 ad
593 3942 678 3996 altare
698 3949 725 3997 et
739 3942 880 4012 baptizare
900 3947 927 3995 et
944 3939 971 3994 in
986 3939 1049 3996 aliis
1068 3938 1247 3996 sacramentis
1262 3937 1396 3994 ecclesiae
1412 3944 1492 4008 atque

56 4077 59 4082 ,
176 4019 354 4092 Evangelium
367 4022 498 4095 aliamque
510 4024 671 4096 scripturam
682 4025 746 4081 novi
758 4022 912 4083 testamenti
923 4023 1099 4095 pronuntiare
1108 4032 1136 4081 et
1144 4022 1304 4096 praedicare
1315 4020 1491 4078 verbumDei.

238 4104 268 4180 2)
289 4107 419 4163 Binterim
432 4108 451 4163 l.
463 4125 487 4162 o.
500 4125 527 4180 p.
539 4110 606 4163 342:
622 4108 720 4180 llinige
730 4111 837 4166 Neuere
847 4109 935 4165 baben
950 4107 994 4164 die
1009 4109 1124 4166 Worte:
1144 4108 1248 4179 Accipe
1262 4114 1316 4166 etc.
1332 4108 1374 4162 als
1385 4103 1492 4176 cigent-

175 4190 247 4245 licbe
259 4191 535 4248 Ordinationsiormel
557 4195 677 4249 ansehen
693 4195 809 4265 wollar,
828 4194 909 4250 allein
928 4209 1023 4250 ausser
1034 4194 1097 4250 dass
1109 4193 1186 4250 diese
1201 4193 1300 4248 Worte
1316 4190 1393 4247 einer
1404 4190 1492 4261 allge-

176 4273 281 4329 melnen
292 4277 451 4348 Bedeutuug
468 4277 529 4332 sind
546 4278 599 4333 und
620 4280 666 4333 aui
676 4278 728 4333 den
744 4278 926 4348 eigentlicbeu
937 4277 1160 4351 Diaconaldienst
1174 4278 1274 4354 lisinec
1288 4277 1381 4346 Benog
1392 4274 1491 4342 baben,

175 4356 237 4413 sind
258 4358 299 4414 sie
316 4361 391 4417 eines
411 4362 544 4431 iungeren
559 4361 726 4433 Ursprungs.
770 4364 829 4418 Vor
848 4365 900 4416 500
910 4363 1006 4419 labren
1023 4380 1116 4420 waren
1132 4363 1172 4420 sie
1184 4363 1224 4418 als
1235 4360 1342 4417 Formel
1354 4375 1405 4430 gar
1417 4357 1493 4414 nicht

174 4442 309 4512 bekannt3
322 4446 490 4513 wenigstens
504 4445 587 4501 findet
601 4447 713 4503 mansio
725 4447 837 4504 nichtin
849 4448 901 4503 den
914 4448 1017 4504 ilteren
1029 4447 1222 4504 l'ontillcalien.
1236 4477 1279 4487 —
1292 4447 1391 4501 Tamen
1405 4441 1492 4499 simil-

175 4524 237 4581 lima
256 4527 372 4585 iormula
387 4530 489 4602 legitur
502 4531 529 4587 in
547 4531 646 4587 Pontii.
661 4532 820 4602 lloguntino
830 4532 939 4604 saepius
950 4539 1179 4600 commemorator
1191 4529 1309 4603 Spiritus
1323 4534 1434 4586 sanctus
1446 4544 1493 4582 su·

175 4611 320 4682 perveniat
334 4613 362 4669 in
377 4621 407 4670 te
420 4614 545 4672 etvirtus
558 4615 690 4674 Altissimi
705 4616 765 4673 sine
775 4623 891 4691 peccato
905 4616 1042 4675 custodiat
1056 4624 1085 4674 te
1095 4617 1122 4674 in
1133 4615 1243 4674 nomine
1253 4613 1372 4671 Domini.
1396 4610 1493 4669 Amen.
