3202 5176
713 386 717 394 ,
811 322 902 391 268·

341 556 466 668 iiiios
491 538 1026 669 celebracot'tiairimcnti
1048 552 1372 687 sacramentnm..

296 741 449 817 Parocbus
466 740 558 818 igitur
580 740 793 819 matrimonium
819 720 1025 801 celebraturus
1042 737 1291 818 publicationibus
1312 736 1513 821 iactistribns

193 841 407 923 diebus—iestis,
422 851 453 902 ιιι
468 841 576 902 dictum
591 849 647 920 est,
661 842 687 902 si
701 840 813 901 nullum
825 840 925 902 obstet
939 838 1103 918 legitimum
1118 841 1357 927 impedimentum
1370 838 1513 905 in'blccle·

194 947 237 1006 sia
257 943 479 1024 superpelliceo
495 952 525 1004 et
539 942 605 1005 alba
621 944 699 1010 stola
713 942 847 1022 indutus,
870 941 1001 1004 adbibita
1020 961 1079 1039 unp
1093 944 1196 1005 saltem
1210 944 1322 1005 clerico
1335 930 1513 1025 superpelli-

193 1052 247 1108 c'co
268 1043 380 1126 pariter
393 1046 513 1123 induto,
534 1047 583 1125 qni
597 1045 703 1107 librum
716 1051 747 1106 ei
760 1062 813 1106 vas
826 1063 920 1125 aquae
933 1043 1109 1106 benedictae
1123 1064 1189 1105 cum
1202 1048 1373 1127 aspersorio
1385 1046 1512 1126 deierat,

185 1131 293 1212 ‘coram
313 1148 408 1209 tribus
431 1156 480 1208 aut
495 1146 610 1209 duobus
624 1146 750 1208 testibus
767 1148 861 1207 vimm
881 1155 911 1208 et
924 1147 1096 1225 mulierem,
1122 1164 1197 1228 quos
1210 1156 1365 1229 parentam
1379 1136 1433 1210 vel
1443 1136 1512 1230 pro-

192 1251 369 1331 pinquorum
388 1267 507 1310 suornm
523 1251 691 1329 praesentia
710 1248 899 1310 cohonestari
914 1248 1016 1326 decet,
1033 1249 1069 1310 de
1084 1266 1233 1311 consensu
1246 1252 1277 1328 in
1296 1251 1512 1338 matrimonium

81 1410 84 1417 .
193 1353 362 1429 interroget
376 1360 530 1431 utrumqne
543 1349 695 1426 sigillatim
711 1351 741 1411 in
755 1350 832 1412 buno
845 1349 963 1412 modum
976 1351 1092 1428 vulgari
1105 1370 1257 1414 sermone:

223 1566 228 1573 ι
295 1479 335 1552 N.
358 1481 413 1555 vis
433 1484 591 1579 accipere
612 1480 652 1553 N.
677 1481 732 1577 hic
754 1491 971 1577 praesentem
992 1484 1027 1552 in
1048 1492 1141 1555 tuam
1160 1482 1348 1574 legitimam
1366 1505 1511 1557 uxorem

193 1580 288 1654 iuxta
321 1585 422 1653 ritum
457 1594 596 1655 sanctae
622 1586 739 1656 matris
769 1582 966 1656 ecclesiae?
1014 1593 1212 1681 *Respondeat
1242 1611 1371 1674 sponsus
1407 1582 1509 1657 Volo.

194 1694 264 1757 tior
277 1694 416 1755 sacerdos
431 1712 569 1775 sponsam
584 1697 765 1774 interroget:
785 1683 826 1755 N.
847 1687 902 1758 vis
923 1688 1083 1782 accipere
1104 1683 1144 1758 N.
1165 1685 1220 1759 hic
1240 1695 1459 1781 praesentem
1476 1689 1511 1756 in

192 1796 287 1859 tuum
308 1787 496 1879 legitimum
515 1791 671 1860 maritum
693 1790 788 1858 iuxta
808 1789 910 1859 ritum
931 1799 1070 1877 sanctae
1091 1791 1207 1861 matris
1228 1787 1427 1862 ecclcsiae?
1454 1798 1509 1873 Re-

194 1898 341 1981 spondeat
363 1886 466 1973 Volo
506 1897 570 1959 Neo
589 1900 700 1961 suflicit
723 1917 887 1989 consensus
907 1900 1010 1977 unius,
1030 1898 1083 1961 sed
1098 1899 1187 1961 debet
1202 1918 1270 1983 csse
1285 1899 1456 1979 amborum,
1481 1909 1510 1961 et

42 2076 46 2086 ,
115 2055 118 2060 .
194 2010 356 2083 expressas
371 1999 469 2080 aliquo
485 2001 572 2077 signo
587 1998 739 2079 sensibili,
765 2002 829 2063 sive
847 2002 895 2090 liat
910 2018 1023 2082 perse,
1038 2002 1103 2061 sive
1119 2020 1173 2081 per
1187 2007 1420 2083 procuratorem.
1446 2000 1507 2063 bia-

194 2113 245 2183 too
260 2104 350 2180 igitur
364 2101 599 2180 contrabentium
615 2121 766 2165 consensu
780 2097 945 2193 intellecto,
961 2103 1109 2164 Sacerdos
1124 2103 1223 2179 iubeat
1238 2123 1290 2167 eos
1305 2100 1430 2166 invicem
1444 2104 1508 2163 iun·

193 2223 268 2284 gere
287 2204 425 2264 dexteras
441 2204 556 2265 dicens:
581 2194 852 2288 Ego-coniungo
874 2216 939 2268 vos
961 2198 997 2265 in
1021 2198 1291 2288 matrimonium,
1309 2197 1343 2266 in
1369 2198 1507 2267 nomine

193 2290 304 2371 Patris
325 2293 358 2387 †-
381 2304 415 2369 ci
438 2296 516 2367 Filii
538 2308 572 2369 el
591 2297 736 2393 Spiritus
756 2288 882 2373 Sancti.
905 2297 1031 2387 Arnen,
1054 2308 1103 2368 vei
1118 2308 1183 2377 aliis
1199 2317 1297 2395 utatur
1315 2306 1413 2369 verbis
1427 2310 1508 2370 iaxta

193 2396 346 2499 receptum
374 2394 602 2491 uniuscuiusque
628 2410 802 2490 provinciae
829 2411 931 2471 ritum:
955 2402 1061 2497 postea
1082 2422 1222 2492 aspergat
1242 2429 1317 2493 aqua
1338 2410 1507 2472 benedicta:

103 2515 105 2518 ’
194 2529 264 2575 mox
285 2511 441 2573 benedicat
461 2512 614 2574 annulum:
650 2510 692 2578 ιι.
722 2503 830 2575 Adiut
831 2507 941 2574 orium
966 2514 1119 2577 nostrum
1147 2506 1181 2575 in
1204 2507 1341 2577 nomine
1362 2503 1507 2575 Domini.

192 2602 796 2695 131.Quiiacitcoelumetterram.
820 2613 862 2680 ιι.
886 2598 1507 2679 Domincexaudroratroncmmeam.

125 2795 128 2799 Ι
192 2712 236 2799 ιι.
265 2705 309 2778 Et
338 2706 469 2793 clamor
489 2731 586 2782 meus
614 2708 656 2782 ad
677 2719 713 2808 te
734 2709 859 2781 veniat
901 2714 943 2782 ιι.
967 2707 1134 2783 Dominus
1160 2708 1349 2784 vobiscum.
1396 2714 1439 2782 ιι.
1466 2706 1509 2779 Et

194 2805 270 2883 cum
293 2811 413 2904 spiritu
432 2818 502 2880 tuo.

299 2944 454 3031 Oremus.
479 2948 632 3021 benedic
645 2952 687 3045 ι
691 2896 838 3022 Domine
855 2953 1016 3023 annulum
1030 2952 1119 3023 huno
1133 2971 1234 3045 quem
1247 2971 1311 3022 nos
1325 2951 1361 3018 ιιι
1373 2940 1433 3020 tuo
1446 2971 1508 3020 no-

193 3053 284 3121 minc
297 3047 531 3139 benedicimus
545 3051 576 3144 ι
591 3061 627 3122 nt
642 3075 729 3146 quac
744 3076 821 3123 eum
835 3057 1037 3144 gestaverit,
1052 3053 1271 3123 fidelitatem
1261 3060 1429 3142 mtegram
1445 3074 1507 3124 suo

194 3172 321 3248 sponso
344 3155 495 3224 tencns'
486 3173 521 3223 m
541 3175 628 3247 paco
650 3165 684 3224 et
705 3155 883 3226 voluntate
905 3165 962 3227 tua
975 3163 1191 3250 permaneat,
1215 3164 1317 3247 atque
1338 3155 1374 3222 in
1392 3162 1510 3223 mutua

194 3256 335 3325 caritate
361 3267 498 3347 semper
519 3257 614 3326 vivat
633 3256 701 3328 Per
723 3253 897 3331 Christum
913 3258 1096 3329 Dominum
1114 3265 1277 3329 nostrum.
1318 3259 1359 3346 ιι.
1382 3254 1506 3324 Amen.

193 3363 310 3425 Deinde
323 3363 464 3424 sacerdos
479 3372 619 3445 aspergat
633 3368 769 3428 annulum
789 3386 862 3448 aqua
877 3369 1034 3430 benedicta
1047 3371 1079 3456 ¹in
1093 3367 1210 3429 modum
1224 3367 1320 3428 crucis
1334 3375 1363 3425 ct
1377 3383 1508 3445 sponsus

193 3467 345 3547 acceptum
368 3465 405 3526 de
418 3484 504 3554 manu
518 3458 688 3531 Sacerdotis
704 3473 829 3551 imponit
843 3474 873 3532 in
888 3472 981 3549 digito
1000 3470 1133 3532 annulari
1150 3471 1289 3530 sinistrae
1302 3484 1403 3528 manus
1418 3485 1508 3546 spon-

194 3586 257 3647 ιιι,
274 3568 429 3630 sacerdote
448 3570 579 3631 dicente:
605 3560 643 3633 ln
664 3566 802 3634 nornine
824 3563 1041 3656 Patris·†et
1027 3562 1140 3633 tFilii
1163 3572 1197 3633 et
1215 3560 1362 3656 Spiritus
1381 3557 1507 3632 Sancti.

193 3661 316 3747 Amen
360 3669 432 3731 iiox
451 3671 608 3751 subiungat
631 3670 683 3738 ιι·
712 3662 883 3735 Confirma
904 3665 971 3737 boo
992 3665 1088 3737 Deus
1110 3663 1202 3758 quod
1221 3672 1382 3758 operatus
1409 3682 1449 3733 cs
1474 3664 1509 3730 in

193 3742 301 3837 nobis.
339 3768 383 3855 ιι.
405 3763 440 3834 A
460 3766 587 3860 templo
607 3777 726 3840 sancto
746 3777 805 3839 tuo
828 3765 920 3862 quod
942 3769 1025 3840 est
1015 3788 1051 3836 ιιι
1067 3765 1263 3838 ierusalem.
1295 3762 1407 3857 Kyrie
1424 3763 1509 3833 elei-

194 3886 267 3939 son.
315 3861 449 3939 Christe
471 3866 614 3941 eleison.
658 3868 765 3964 Kyrie
789 3870 932 3940 eleison.
977 3869 1081 3939 Pater
1098 3876 1218 3940 noster
1239 3877 1303 3937 etc
1337 3863 1445 3957 ιιΕι
1465 3886 1509 3935 ne

147 4062 153 4067 ⁸
193 3989 260 4042 nos
279 3967 451 4040 inducas
442 3988 477 4037 ιιι
498 3973 729 4042 tentationem
771 3976 814 4063 ιι.
836 3969 908 4044 Sed
929 3968 1037 4041 libera
1055 3991 1120 4041 nos
1142 3968 1281 4040 amalo.
1316 3954 1359 4040 ιι.
1380 3963 1510 4038 Salvos

193 4068 251 4145 inc
267 4091 395 4144 servos
417 4079 522 4142 tuos·
532 4075 584 4164 ιι.
605 4073 702 4147 Deus
721 4094 818 4147 meus
840 4074 1050 4168 sperantes
1041 4094 1076 4142 ιι
1097 4081 1164 4143 to.
1171 4076 1225 4144 ιι.
1248 4068 1347 4141 mitte
1367 4071 1417 4140 eis
1438 4068 1510 4137 Do-

194 4174 284 4243 mine
315 4173 493 4243 auxilium
507 4172 550 4243 dc
576 4185 705 4248 sancto.
747 4180 790 4267 ιι.
814 4173 859 4245 m
881 4174 933 4245 de
946 4171 1043 4247 Sion
1049 4183 1159 4245 tuere·
1170 4193 1242 4247 eos.
1286 4176 1329 4244 ιι.
1353 4167 1439 4241 Esto
1459 4171 1510 4241 cis

194 4271 341 4344 Domine
360 4277 478 4347 turris
485 4272 702 4350 fortitudinis
743 4281 786 4367 ιι.
807 4276 842 4347 Α
861 4275 952 4348 iaci'c
972 4277 1130 4346 inimici.
1151 4280 1193 4348 ιι.
1214 4273 1362 4346 Domine
1382 4269 1511 4340 excudi

195 4377 385 4447 orationem
404 4397 524 4446 meam.
566 4383 609 4470 ιι.
632 4377 677 4448 ιιι
699 4379 829 4448 clamor
851 4400 948 4451 meus
975 4376 1017 4448 ad
1041 4388 1075 4449 tc
1098 4378 1225 4449 veniat.
1275 4372 1510 4448 utboninus

193 4475 382 4553 vobiscum.
431 4481 474 4568 ιι.
502 4477 645 4550 Etcum
669 4474 798 4574 Spiritu
824 4489 893 4549 tuo.
