<?xml version="1.0" encoding="UTF-8"?>
<!DOCTYPE html PUBLIC "-//W3C//DTD XHTML 1.0 Transitional//EN"
    "http://www.w3.org/TR/xhtml1/DTD/xhtml1-transitional.dtd">
<html xmlns="http://www.w3.org/1999/xhtml" xml:lang="en" lang="en">
 <head>
  <title>
</title>
<meta http-equiv="Content-Type" content="text/html;charset=utf-8" />
  <meta name='ocr-system' content='tesseract 3.04.00' />
  <meta name='ocr-capabilities' content='ocr_page ocr_carea ocr_par ocr_line ocrx_word'/>
</head>
<body>
  <div class='ocr_page' id='page_1' title='image "./codexliturgicus02danigoog_0455.png"; bbox 0 0 3202 5176; ppageno 0'>
   <div class='ocr_carea' id='block_1_1' title="bbox 837 309 916 379">
    <p class='ocr_par' dir='ltr' id='par_1_1' title="bbox 837 309 916 379">
     <span class='ocr_line' id='line_1_1' title="bbox 837 309 916 379; baseline -0.013 0"><span class='ocrx_word' id='word_1_1' title='bbox 837 309 916 379; x_wconf 73' lang='lat'><strong>412</strong></span> 
     </span>
    </p>
   </div>
   <div class='ocr_carea' id='block_1_2' title="bbox 143 494 1559 1710">
    <p class='ocr_par' dir='ltr' id='par_1_2' title="bbox 143 494 1559 1710">
     <span class='ocr_line' id='line_1_2' title="bbox 330 494 1559 588; baseline -0.007 -22"><span class='ocrx_word' id='word_1_2' title='bbox 330 501 446 566; x_wconf 72' lang='lat' dir='ltr'><strong>licium</strong></span> <span class='ocrx_word' id='word_1_3' title='bbox 458 501 598 566; x_wconf 78' lang='lat' dir='ltr'><strong>Pontifex</strong></span> <span class='ocrx_word' id='word_1_4' title='bbox 619 510 650 565; x_wconf 87' lang='lat' dir='ltr'><strong>et</strong></span> <span class='ocrx_word' id='word_1_5' title='bbox 672 501 843 564; x_wconf 85' lang='lat' dir='ltr'><strong>successive</strong></span> <span class='ocrx_word' id='word_1_6' title='bbox 861 500 1016 564; x_wconf 83' lang='lat' dir='ltr'><strong>duodecim</strong></span> <span class='ocrx_word' id='word_1_7' title='bbox 1027 499 1205 565; x_wconf 82' lang='lat' dir='ltr'><strong>Sacerdotes</strong></span> <span class='ocrx_word' id='word_1_8' title='bbox 1218 494 1533 588; x_wconf 78' lang='lat' dir='ltr'><strong>reserentersaiuiant</strong></span> <span class='ocrx_word' id='word_1_9' title='bbox 1557 553 1559 557; x_wconf 90' lang='lat'>.</span> 
     </span>
     <span class='ocr_line' id='line_1_3' title="bbox 231 591 1533 687; baseline -0.004 -23"><span class='ocrx_word' id='word_1_10' title='bbox 231 601 329 668; x_wconf 89' lang='lat' dir='ltr'><strong>oleum</strong></span> <span class='ocrx_word' id='word_1_11' title='bbox 341 607 436 687; x_wconf 91' lang='lat' dir='ltr'><strong>ipsum</strong></span> <span class='ocrx_word' id='word_1_12' title='bbox 449 605 582 667; x_wconf 85' lang='lat' dir='ltr'><strong>diceutes</strong></span> <span class='ocrx_word' id='word_1_13' title='bbox 595 605 684 667; x_wconf 89' lang='lat' dir='ltr'><strong>tertio</strong></span> <span class='ocrx_word' id='word_1_14' title='bbox 699 606 729 666; x_wconf 86' lang='lat' dir='ltr'><strong>iu</strong></span> <span class='ocrx_word' id='word_1_15' title='bbox 744 613 818 666; x_wconf 88' lang='lat' dir='ltr'><strong>tono</strong></span> <span class='ocrx_word' id='word_1_16' title='bbox 830 604 982 667; x_wconf 83' lang='lat' dir='ltr'><strong>lectionis:</strong></span> <span class='ocrx_word' id='word_1_17' title='bbox 995 615 1062 668; x_wconf 77' lang='lat' dir='ltr'><strong>cve</strong></span> <span class='ocrx_word' id='word_1_18' title='bbox 1074 603 1228 670; x_wconf 80' lang='lat' dir='ltr'><strong>sancium</strong></span> <span class='ocrx_word' id='word_1_19' title='bbox 1242 591 1366 665; x_wconf 85' lang='lat' dir='ltr'><strong>oleum.</strong></span> <span class='ocrx_word' id='word_1_20' title='bbox 1400 597 1440 660; x_wconf 79' lang='lat' dir='ltr'><strong>llt</strong></span> <span class='ocrx_word' id='word_1_21' title='bbox 1452 606 1533 679; x_wconf 90' lang='lat' dir='ltr'><strong>post·</strong></span> 
     </span>
     <span class='ocr_line' id='line_1_4' title="bbox 161 703 1535 793; baseline -0.006 -23"><span class='ocrx_word' id='word_1_22' title='bbox 161 774 164 783; x_wconf 67' lang='grc'>,</span> <span class='ocrx_word' id='word_1_23' title='bbox 230 710 415 785; x_wconf 79' lang='lat' dir='ltr'><strong>qramtertio</strong></span> <span class='ocrx_word' id='word_1_24' title='bbox 430 706 461 769; x_wconf 90' lang='lat' dir='ltr'><strong>id</strong></span> <span class='ocrx_word' id='word_1_25' title='bbox 474 707 601 787; x_wconf 85' lang='lat' dir='ltr'><strong>iecerint</strong></span> <span class='ocrx_word' id='word_1_26' title='bbox 613 707 782 793; x_wconf 82' lang='lat' dir='ltr'><strong>osculantur</strong></span> <span class='ocrx_word' id='word_1_27' title='bbox 794 724 830 769; x_wconf 91' lang='lat' dir='ltr'><strong>os</strong></span> <span class='ocrx_word' id='word_1_28' title='bbox 843 707 937 787; x_wconf 88' lang='lat' dir='ltr'><strong>ipsius</strong></span> <span class='ocrx_word' id='word_1_29' title='bbox 950 705 1111 788; x_wconf 73' lang='lat' dir='ltr'><strong>ampullae,</strong></span> <span class='ocrx_word' id='word_1_30' title='bbox 1119 714 1220 788; x_wconf 88' lang='lat' dir='ltr'><strong>prout</strong></span> <span class='ocrx_word' id='word_1_31' title='bbox 1233 719 1322 786; x_wconf 87' lang='lat' dir='ltr'><strong>snpra</strong></span> <span class='ocrx_word' id='word_1_32' title='bbox 1333 703 1465 785; x_wconf 78' lang='lat' dir='ltr'><strong>positum</strong></span> <span class='ocrx_word' id='word_1_33' title='bbox 1476 709 1535 765; x_wconf 82' lang='lat' dir='ltr'><strong>est.</strong></span> 
     </span>
     <span class='ocr_line' id='line_1_5' title="bbox 228 794 1535 893; baseline -0.001 -26"><span class='ocrx_word' id='word_1_34' title='bbox 228 806 281 872; x_wconf 89' lang='lat' dir='ltr'><strong>llis</strong></span> <span class='ocrx_word' id='word_1_35' title='bbox 295 811 422 893; x_wconf 82' lang='lat' dir='ltr'><strong>peractis</strong></span> <span class='ocrx_word' id='word_1_36' title='bbox 435 794 539 872; x_wconf 75' lang='lat' dir='ltr'><strong>ambas</strong></span> <span class='ocrx_word' id='word_1_37' title='bbox 550 810 696 893; x_wconf 74' lang='lat' dir='ltr'><strong>ampullae</strong></span> <span class='ocrx_word' id='word_1_38' title='bbox 707 826 763 892; x_wconf 88' lang='lat' dir='ltr'><strong>per</strong></span> <span class='ocrx_word' id='word_1_39' title='bbox 775 808 1003 876; x_wconf 81' lang='lat' dir='ltr'><strong>duosllfscoaos</strong></span> <span class='ocrx_word' id='word_1_40' title='bbox 1020 826 1057 873; x_wconf 88' lang='lat' dir='ltr'><strong>ee</strong></span> <span class='ocrx_word' id='word_1_41' title='bbox 1071 807 1176 872; x_wconf 85' lang='lat' dir='ltr'><strong>ordine</strong></span> <span class='ocrx_word' id='word_1_42' title='bbox 1188 816 1220 870; x_wconf 89' lang='lat' dir='ltr'><strong>et</strong></span> <span class='ocrx_word' id='word_1_43' title='bbox 1229 804 1408 888; x_wconf 74' lang='lat' dir='ltr'><strong>deenrepao</strong></span> <span class='ocrx_word' id='word_1_44' title='bbox 1418 803 1535 866; x_wconf 87' lang='lat' dir='ltr'><strong>delatae</strong></span> 
     </span>
     <span class='ocr_line' id='line_1_6' title="bbox 229 898 1547 995; baseline -0.002 -25"><span class='ocrx_word' id='word_1_45' title='bbox 229 921 298 975; x_wconf 89' lang='lat' dir='ltr'><strong>sunt</strong></span> <span class='ocrx_word' id='word_1_46' title='bbox 321 912 358 976; x_wconf 91' lang='lat' dir='ltr'><strong>ad</strong></span> <span class='ocrx_word' id='word_1_47' title='bbox 384 913 544 976; x_wconf 70' lang='lat' dir='ltr'><strong>sacristiam</strong></span> <span class='ocrx_word' id='word_1_48' title='bbox 573 910 837 994; x_wconf 73' lang='lat' dir='ltr'><strong>processionaliter</strong></span> <span class='ocrx_word' id='word_1_49' title='bbox 859 921 1056 995; x_wconf 85' lang='lat' dir='ltr'><strong>reportantur.</strong></span> <span class='ocrx_word' id='word_1_50' title='bbox 1098 908 1219 974; x_wconf 87' lang='lat' dir='ltr'><strong>interius</strong></span> <span class='ocrx_word' id='word_1_51' title='bbox 1240 907 1310 972; x_wconf 83' lang='lat' dir='ltr'><strong>tam</strong></span> <span class='ocrx_word' id='word_1_52' title='bbox 1329 898 1547 990; x_wconf 76' lang='lat' dir='ltr'><strong>reportantur,</strong></span> 
     </span>
     <span class='ocr_line' id='line_1_7' title="bbox 143 1001 1534 1091; baseline -0.002 -17"><span class='ocrx_word' id='word_1_53' title='bbox 143 1037 165 1066; x_wconf 93' lang='lat'><strong>.·</strong></span> <span class='ocrx_word' id='word_1_54' title='bbox 226 1005 468 1091; x_wconf 75' lang='lat' dir='ltr'><strong>duo&#39;ltantores.</strong></span> <span class='ocrx_word' id='word_1_55' title='bbox 485 1024 602 1078; x_wconf 84' lang='lat' dir='ltr'><strong>cantant</strong></span> <span class='ocrx_word' id='word_1_56' title='bbox 630 1016 684 1077; x_wconf 82' lang='lat' dir='ltr'><strong>nos</strong></span> <span class='ocrx_word' id='word_1_57' title='bbox 712 1032 834 1077; x_wconf 73' lang='lat' dir='ltr'><strong>vorsum</strong></span> <span class='ocrx_word' id='word_1_58' title='bbox 860 1005 906 1079; x_wconf 91' lang='lat' dir='ltr'><strong>Ut</strong></span> <span class='ocrx_word' id='word_1_59' title='bbox 930 1016 1078 1080; x_wconf 78' lang='lat' dir='ltr'><strong>noveles</strong></span> <span class='ocrx_word' id='word_1_60' title='bbox 1105 1026 1208 1080; x_wconf 87' lang='lat' dir='ltr'><strong>secus</strong></span> <span class='ocrx_word' id='word_1_61' title='bbox 1233 1004 1344 1076; x_wconf 87' lang='lat' dir='ltr'><strong>curuis</strong></span> <span class='ocrx_word' id='word_1_62' title='bbox 1371 1001 1534 1073; x_wconf 84' lang='lat' dir='ltr'><strong>unctione</strong></span> 
     </span>
     <span class='ocr_line' id='line_1_8' title="bbox 228 1105 1534 1202; baseline -0.005 -22"><span class='ocrx_word' id='word_1_63' title='bbox 228 1105 443 1198; x_wconf 80' lang='lat' dir='ltr'><strong>Ghriemutis,</strong></span> <span class='ocrx_word' id='word_1_64' title='bbox 482 1119 520 1181; x_wconf 90' lang='lat' dir='ltr'><strong>ut</strong></span> <span class='ocrx_word' id='word_1_65' title='bbox 555 1119 694 1184; x_wconf 86' lang='lat' dir='ltr'><strong>sanetur</strong></span> <span class='ocrx_word' id='word_1_66' title='bbox 724 1109 874 1183; x_wconf 86' lang='lat' dir='ltr'><strong>sauciata</strong></span> <span class='ocrx_word' id='word_1_67' title='bbox 910 1108 1098 1202; x_wconf 85' lang='lat' dir='ltr'><strong>diguitatis.</strong></span> <span class='ocrx_word' id='word_1_68' title='bbox 1117 1108 1237 1202; x_wconf 83' lang='lat' dir='ltr'><strong>gloria.</strong></span> <span class='ocrx_word' id='word_1_69' title='bbox 1296 1112 1415 1177; x_wconf 82' lang='lat' dir='ltr'><strong>clerus</strong></span> <span class='ocrx_word' id='word_1_70' title='bbox 1445 1111 1534 1193; x_wconf 83' lang='lat' dir='ltr'><strong>repli-</strong></span> 
     </span>
     <span class='ocr_line' id='line_1_9' title="bbox 228 1204 1534 1300; baseline -0.004 -18"><span class='ocrx_word' id='word_1_71' title='bbox 228 1228 290 1282; x_wconf 80' lang='lat' dir='ltr'><strong>cat:</strong></span> <span class='ocrx_word' id='word_1_72' title='bbox 312 1209 342 1283; x_wconf 92' lang='lat'>0</span> <span class='ocrx_word' id='word_1_73' title='bbox 359 1210 542 1284; x_wconf 89' lang='lat' dir='ltr'><strong>redemtor.</strong></span> <span class='ocrx_word' id='word_1_74' title='bbox 584 1219 657 1282; x_wconf 77' lang='lat' dir='ltr'><strong>Tum</strong></span> <span class='ocrx_word' id='word_1_75' title='bbox 671 1204 830 1283; x_wconf 66' lang='lat' dir='ltr'><strong>cautorem</strong></span> <span class='ocrx_word' id='word_1_76' title='bbox 850 1209 935 1284; x_wconf 85' lang='lat' dir='ltr'><strong>Luta</strong></span> <span class='ocrx_word' id='word_1_77' title='bbox 956 1220 1074 1283; x_wconf 87' lang='lat' dir='ltr'><strong>mente</strong></span> <span class='ocrx_word' id='word_1_78' title='bbox 1090 1230 1191 1284; x_wconf 88' lang='lat' dir='ltr'><strong>sacro</strong></span> <span class='ocrx_word' id='word_1_79' title='bbox 1213 1208 1310 1282; x_wconf 85' lang='lat' dir='ltr'><strong>fonte</strong></span> <span class='ocrx_word' id='word_1_80' title='bbox 1326 1205 1534 1300; x_wconf 75' lang='lat' dir='ltr'><strong>aufugentur</strong></span> 
     </span>
     <span class='ocr_line' id='line_1_10' title="bbox 227 1307 1534 1405; baseline -0.004 -21"><span class='ocrx_word' id='word_1_81' title='bbox 227 1314 379 1405; x_wconf 82' lang='lat' dir='ltr'><strong>crimina,</strong></span> <span class='ocrx_word' id='word_1_82' title='bbox 397 1323 500 1386; x_wconf 91' lang='lat' dir='ltr'><strong>uncta</strong></span> <span class='ocrx_word' id='word_1_83' title='bbox 517 1312 631 1386; x_wconf 85' lang='lat' dir='ltr'><strong>fronte</strong></span> <span class='ocrx_word' id='word_1_84' title='bbox 648 1321 868 1388; x_wconf 85' lang='lat' dir='ltr'><strong>sacrosancta</strong></span> <span class='ocrx_word' id='word_1_85' title='bbox 888 1311 1029 1386; x_wconf 76' lang='lat' dir='ltr'><strong>iuilumm</strong></span> <span class='ocrx_word' id='word_1_86' title='bbox 1046 1314 1256 1388; x_wconf 87' lang='lat' dir='ltr'><strong>charismata.</strong></span> <span class='ocrx_word' id='word_1_87' title='bbox 1280 1319 1415 1382; x_wconf 82' lang='lat' dir='ltr'><strong>clama:</strong></span> <span class='ocrx_word' id='word_1_88' title='bbox 1436 1307 1534 1380; x_wconf 80' lang='lat' dir='ltr'><strong>Ore-</strong></span> 
     </span>
     <span class='ocr_line' id='line_1_11' title="bbox 227 1409 1532 1506; baseline -0.001 -20"><span class='ocrx_word' id='word_1_89' title='bbox 227 1415 369 1487; x_wconf 90' lang='lat' dir='ltr'><strong>demtor.</strong></span> <span class='ocrx_word' id='word_1_90' title='bbox 415 1423 577 1489; x_wconf 84' lang='lat' dir='ltr'><strong>cantores:</strong></span> <span class='ocrx_word' id='word_1_91' title='bbox 603 1413 658 1490; x_wconf 83' lang='lat' dir='ltr'><strong>sn</strong></span> <span class='ocrx_word' id='word_1_92' title='bbox 684 1414 771 1487; x_wconf 86' lang='lat' dir='ltr'><strong>haec</strong></span> <span class='ocrx_word' id='word_1_93' title='bbox 796 1415 869 1490; x_wconf 86' lang='lat' dir='ltr'><strong>dies</strong></span> <span class='ocrx_word' id='word_1_94' title='bbox 894 1416 985 1493; x_wconf 88' lang='lat' dir='ltr'><strong>festa</strong></span> <span class='ocrx_word' id='word_1_95' title='bbox 1009 1415 1110 1492; x_wconf 87' lang='lat' dir='ltr'><strong>nobie</strong></span> <span class='ocrx_word' id='word_1_96' title='bbox 1129 1414 1348 1506; x_wconf 87' lang='lat' dir='ltr'><strong>saeculoram</strong></span> <span class='ocrx_word' id='word_1_97' title='bbox 1370 1409 1532 1500; x_wconf 79' lang='lat' dir='ltr'><strong>saeculis,</strong></span> 
     </span>
     <span class='ocr_line' id='line_1_12' title="bbox 225 1513 1528 1616; baseline -0.005 -25"><span class='ocrx_word' id='word_1_98' title='bbox 225 1519 270 1591; x_wconf 87' lang='lat' dir='ltr'><strong>sit</strong></span> <span class='ocrx_word' id='word_1_99' title='bbox 287 1526 421 1591; x_wconf 88' lang='lat' dir='ltr'><strong>saerata</strong></span> <span class='ocrx_word' id='word_1_100' title='bbox 439 1517 541 1612; x_wconf 81' lang='lat' dir='ltr'><strong>digna</strong></span> <span class='ocrx_word' id='word_1_101' title='bbox 557 1517 672 1608; x_wconf 82' lang='lat' dir='ltr'><strong>laude,</strong></span> <span class='ocrx_word' id='word_1_102' title='bbox 688 1539 754 1589; x_wconf 89' lang='lat' dir='ltr'><strong>uec</strong></span> <span class='ocrx_word' id='word_1_103' title='bbox 771 1529 931 1593; x_wconf 84' lang='lat' dir='ltr'><strong>senescat</strong></span> <span class='ocrx_word' id='word_1_104' title='bbox 946 1528 1110 1616; x_wconf 82' lang='lat' dir='ltr'><strong>ternpore.</strong></span> <span class='ocrx_word' id='word_1_105' title='bbox 1147 1526 1279 1590; x_wconf 83' lang='lat' dir='ltr'><strong>choras:</strong></span> <span class='ocrx_word' id='word_1_106' title='bbox 1299 1515 1328 1588; x_wconf 91' lang='lat'>0</span> <span class='ocrx_word' id='word_1_107' title='bbox 1345 1513 1528 1587; x_wconf 82' lang='lat' dir='ltr'><strong>redemtor.</strong></span> 
     </span>
     <span class='ocr_line' id='line_1_13' title="bbox 224 1623 1532 1710; baseline -0.001 -23"><span class='ocrx_word' id='word_1_108' title='bbox 224 1626 316 1691; x_wconf 85' lang='lat' dir='ltr'><strong>Vetus</strong></span> <span class='ocrx_word' id='word_1_109' title='bbox 328 1637 425 1692; x_wconf 84' lang='lat' dir='ltr'><strong>autem</strong></span> <span class='ocrx_word' id='word_1_110' title='bbox 439 1628 572 1692; x_wconf 78' lang='lat' dir='ltr'><strong>chrisma</strong></span> <span class='ocrx_word' id='word_1_111' title='bbox 583 1638 614 1692; x_wconf 90' lang='lat' dir='ltr'><strong>et</strong></span> <span class='ocrx_word' id='word_1_112' title='bbox 626 1630 725 1694; x_wconf 88' lang='lat' dir='ltr'><strong>oleum</strong></span> <span class='ocrx_word' id='word_1_113' title='bbox 737 1628 1019 1694; x_wconf 84' lang='lat' dir='ltr'><strong>Gatechumeuornm</strong></span> <span class='ocrx_word' id='word_1_114' title='bbox 1032 1650 1067 1694; x_wconf 89' lang='lat' dir='ltr'><strong>ac</strong></span> <span class='ocrx_word' id='word_1_115' title='bbox 1078 1631 1273 1708; x_wconf 83' lang='lat' dir='ltr'><strong>ludrmorum,</strong></span> <span class='ocrx_word' id='word_1_116' title='bbox 1285 1630 1311 1690; x_wconf 95' lang='lat' dir='ltr'><strong>si</strong></span> <span class='ocrx_word' id='word_1_117' title='bbox 1326 1623 1408 1710; x_wconf 89' lang='lat' dir='ltr'><strong>qaod</strong></span> <span class='ocrx_word' id='word_1_118' title='bbox 1421 1643 1532 1687; x_wconf 84' lang='lat' dir='ltr'><strong>nemau-</strong></span> 
     </span>
    </p>
   </div>
   <div class='ocr_carea' id='block_1_3' title="bbox 97 1727 1532 1814">
    <p class='ocr_par' dir='ltr' id='par_1_3' title="bbox 97 1727 1532 1814">
     <span class='ocr_line' id='line_1_14' title="bbox 97 1727 1532 1814; baseline -0.001 -22"><span class='ocrx_word' id='word_1_119' title='bbox 97 1740 98 1745; x_wconf 76' lang='grc'>’</span> <span class='ocrx_word' id='word_1_120' title='bbox 213 1739 303 1792; x_wconf 86' lang='lat' dir='ltr'><strong>serat</strong></span> <span class='ocrx_word' id='word_1_121' title='bbox 314 1731 345 1793; x_wconf 90' lang='lat' dir='ltr'><strong>in</strong></span> <span class='ocrx_word' id='word_1_122' title='bbox 363 1731 509 1812; x_wconf 89' lang='lat' dir='ltr'><strong>ampullis,</strong></span> <span class='ocrx_word' id='word_1_123' title='bbox 527 1734 647 1814; x_wconf 88' lang='lat' dir='ltr'><strong>ponitur</strong></span> <span class='ocrx_word' id='word_1_124' title='bbox 662 1732 842 1814; x_wconf 89' lang='lat' dir='ltr'><strong>lampadibus</strong></span> <span class='ocrx_word' id='word_1_125' title='bbox 855 1733 1008 1796; x_wconf 82' lang='lat' dir='ltr'><strong>Ecclesiae</strong></span> <span class='ocrx_word' id='word_1_126' title='bbox 1019 1743 1088 1796; x_wconf 91' lang='lat' dir='ltr'><strong>ante</strong></span> <span class='ocrx_word' id='word_1_127' title='bbox 1102 1735 1320 1796; x_wconf 87' lang='lat' dir='ltr'><strong>Sacramentum</strong></span> <span class='ocrx_word' id='word_1_128' title='bbox 1333 1738 1367 1791; x_wconf 92' lang='lat' dir='ltr'><strong>ut</strong></span> <span class='ocrx_word' id='word_1_129' title='bbox 1380 1727 1532 1791; x_wconf 87' lang='lat' dir='ltr'><strong>combura-</strong></span> 
     </span>
    </p>
   </div>
   <div class='ocr_carea' id='block_1_4' title="bbox 145 1832 1531 2841">
    <p class='ocr_par' dir='ltr' id='par_1_4' title="bbox 145 1832 1531 2841">
     <span class='ocr_line' id='line_1_15' title="bbox 223 1832 1530 1918; baseline 0 -25"><span class='ocrx_word' id='word_1_130' title='bbox 223 1840 285 1905; x_wconf 86' lang='lat' dir='ltr'><strong>tur;</strong></span> <span class='ocrx_word' id='word_1_131' title='bbox 297 1833 440 1916; x_wconf 85' lang='lat' dir='ltr'><strong>reliquum</strong></span> <span class='ocrx_word' id='word_1_132' title='bbox 452 1844 548 1896; x_wconf 88' lang='lat' dir='ltr'><strong>nutem</strong></span> <span class='ocrx_word' id='word_1_133' title='bbox 562 1835 643 1918; x_wconf 89' lang='lat' dir='ltr'><strong>quod</strong></span> <span class='ocrx_word' id='word_1_134' title='bbox 655 1845 701 1898; x_wconf 89' lang='lat' dir='ltr'><strong>ast</strong></span> <span class='ocrx_word' id='word_1_135' title='bbox 715 1835 910 1916; x_wconf 75' lang='lat' dir='ltr'><strong>inppxidibos</strong></span> <span class='ocrx_word' id='word_1_136' title='bbox 917 1839 983 1900; x_wconf 86' lang='lat' dir='ltr'><strong>sire</strong></span> <span class='ocrx_word' id='word_1_137' title='bbox 996 1837 1123 1918; x_wconf 90' lang='lat' dir='ltr'><strong>capsulis</strong></span> <span class='ocrx_word' id='word_1_138' title='bbox 1131 1853 1196 1899; x_wconf 90' lang='lat' dir='ltr'><strong>cum</strong></span> <span class='ocrx_word' id='word_1_139' title='bbox 1205 1833 1364 1912; x_wconf 72' lang='lat' dir='ltr'><strong>bombyce,</strong></span> <span class='ocrx_word' id='word_1_140' title='bbox 1372 1832 1530 1911; x_wconf 71' lang='lat' dir='ltr'><strong>iguecom·</strong></span> 
     </span>
     <span class='ocr_line' id='line_1_16' title="bbox 221 1934 1531 2021; baseline -0.001 -25"><span class='ocrx_word' id='word_1_141' title='bbox 221 1934 346 2013; x_wconf 83' lang='lat' dir='ltr'><strong>horitur,</strong></span> <span class='ocrx_word' id='word_1_142' title='bbox 365 1944 395 1998; x_wconf 88' lang='lat' dir='ltr'><strong>et</strong></span> <span class='ocrx_word' id='word_1_143' title='bbox 413 1955 519 2000; x_wconf 85' lang='lat' dir='ltr'><strong>uorum</strong></span> <span class='ocrx_word' id='word_1_144' title='bbox 533 1936 641 2000; x_wconf 90' lang='lat' dir='ltr'><strong>deiude</strong></span> <span class='ocrx_word' id='word_1_145' title='bbox 656 1958 720 2000; x_wconf 89' lang='lat' dir='ltr'><strong>cum</strong></span> <span class='ocrx_word' id='word_1_146' title='bbox 735 1957 811 2001; x_wconf 81' lang='lat' dir='ltr'><strong>nova</strong></span> <span class='ocrx_word' id='word_1_147' title='bbox 824 1939 970 2019; x_wconf 71' lang='lat' dir='ltr'><strong>bombyce</strong></span> <span class='ocrx_word' id='word_1_148' title='bbox 983 1940 1013 2001; x_wconf 92' lang='lat' dir='ltr'><strong>in</strong></span> <span class='ocrx_word' id='word_1_149' title='bbox 1028 1937 1185 2021; x_wconf 67' lang='lat' dir='ltr'><strong>pyxidibus</strong></span> <span class='ocrx_word' id='word_1_150' title='bbox 1197 1956 1251 2001; x_wconf 88' lang='lat' dir='ltr'><strong>seu</strong></span> <span class='ocrx_word' id='word_1_151' title='bbox 1266 1937 1396 2018; x_wconf 89' lang='lat' dir='ltr'><strong>capsulis</strong></span> <span class='ocrx_word' id='word_1_152' title='bbox 1408 1934 1531 2017; x_wconf 89' lang='lat' dir='ltr'><strong>imponi·</strong></span> 
     </span>
     <span class='ocr_line' id='line_1_17' title="bbox 222 2022 1528 2121; baseline 0.001 -24"><span class='ocrx_word' id='word_1_153' title='bbox 222 2045 278 2098; x_wconf 86' lang='lat' dir='ltr'><strong>tar.</strong></span> <span class='ocrx_word' id='word_1_154' title='bbox 312 2036 433 2100; x_wconf 86' lang='lat' dir='ltr'><strong>Interim</strong></span> <span class='ocrx_word' id='word_1_155' title='bbox 455 2039 522 2101; x_wconf 88' lang='lat' dir='ltr'><strong>dum</strong></span> <span class='ocrx_word' id='word_1_156' title='bbox 537 2038 668 2103; x_wconf 82' lang='lat' dir='ltr'><strong>Chriema</strong></span> <span class='ocrx_word' id='word_1_157' title='bbox 687 2049 719 2102; x_wconf 91' lang='lat' dir='ltr'><strong>et</strong></span> <span class='ocrx_word' id='word_1_158' title='bbox 731 2041 827 2103; x_wconf 90' lang='lat' dir='ltr'><strong>oleam</strong></span> <span class='ocrx_word' id='word_1_159' title='bbox 846 2022 1128 2105; x_wconf 81' lang='lat' dir='ltr'><strong>Catechunrenorum</strong></span> <span class='ocrx_word' id='word_1_160' title='bbox 1141 2041 1177 2103; x_wconf 88' lang='lat' dir='ltr'><strong>nd</strong></span> <span class='ocrx_word' id='word_1_161' title='bbox 1190 2026 1353 2103; x_wconf 86' lang='lat' dir='ltr'><strong>sacristiam</strong></span> <span class='ocrx_word' id='word_1_162' title='bbox 1367 2046 1528 2121; x_wconf 89' lang='lat' dir='ltr'><strong>portantur,</strong></span> 
     </span>
     <span class='ocr_line' id='line_1_18' title="bbox 221 2137 1528 2223; baseline -0.001 -22"><span class='ocrx_word' id='word_1_163' title='bbox 221 2137 361 2202; x_wconf 81' lang='lat' dir='ltr'><strong>Pontifex</strong></span> <span class='ocrx_word' id='word_1_164' title='bbox 380 2140 488 2202; x_wconf 88' lang='lat' dir='ltr'><strong>sedens</strong></span> <span class='ocrx_word' id='word_1_165' title='bbox 508 2161 572 2203; x_wconf 88' lang='lat' dir='ltr'><strong>cum</strong></span> <span class='ocrx_word' id='word_1_166' title='bbox 595 2143 678 2204; x_wconf 89' lang='lat' dir='ltr'><strong>mitra</strong></span> <span class='ocrx_word' id='word_1_167' title='bbox 697 2142 776 2205; x_wconf 82' lang='lat' dir='ltr'><strong>lavat</strong></span> <span class='ocrx_word' id='word_1_168' title='bbox 798 2162 915 2222; x_wconf 86' lang='lat' dir='ltr'><strong>manus,</strong></span> <span class='ocrx_word' id='word_1_169' title='bbox 934 2144 1042 2206; x_wconf 87' lang='lat' dir='ltr'><strong>deiude</strong></span> <span class='ocrx_word' id='word_1_170' title='bbox 1062 2142 1139 2206; x_wconf 88' lang='lat' dir='ltr'><strong>redit</strong></span> <span class='ocrx_word' id='word_1_171' title='bbox 1158 2143 1195 2206; x_wconf 91' lang='lat' dir='ltr'><strong>ad</strong></span> <span class='ocrx_word' id='word_1_172' title='bbox 1209 2143 1320 2221; x_wconf 89' lang='lat' dir='ltr'><strong>altare,</strong></span> <span class='ocrx_word' id='word_1_173' title='bbox 1341 2139 1528 2223; x_wconf 85' lang='lat' dir='ltr'><strong>prosequitur</strong></span> 
     </span>
     <span class='ocr_line' id='line_1_19' title="bbox 220 2233 1528 2326; baseline 0 -23"><span class='ocrx_word' id='word_1_174' title='bbox 220 2239 343 2323; x_wconf 66' lang='lat' dir='ltr'><strong>Missam¹</strong></span> <span class='ocrx_word' id='word_1_175' title='bbox 354 2251 383 2303; x_wconf 90' lang='lat' dir='ltr'><strong>et</strong></span> <span class='ocrx_word' id='word_1_176' title='bbox 397 2242 490 2311; x_wconf 74' lang='lat' dir='ltr'><strong>dictor</strong></span> <span class='ocrx_word' id='word_1_177' title='bbox 503 2233 553 2311; x_wconf 80' lang='lat' dir='ltr'><strong>lle</strong></span> <span class='ocrx_word' id='word_1_178' title='bbox 566 2238 669 2310; x_wconf 77' lang='lat' dir='ltr'><strong>missa</strong></span> <span class='ocrx_word' id='word_1_179' title='bbox 683 2246 748 2326; x_wconf 77' lang='lat' dir='ltr'><strong>esi,</strong></span> <span class='ocrx_word' id='word_1_180' title='bbox 766 2245 814 2308; x_wconf 87' lang='lat' dir='ltr'><strong>dat</strong></span> <span class='ocrx_word' id='word_1_181' title='bbox 827 2246 1064 2312; x_wconf 86' lang='lat' dir='ltr'><strong>benedictionem</strong></span> <span class='ocrx_word' id='word_1_182' title='bbox 1075 2256 1105 2310; x_wconf 91' lang='lat' dir='ltr'><strong>et</strong></span> <span class='ocrx_word' id='word_1_183' title='bbox 1113 2247 1319 2311; x_wconf 88' lang='lat' dir='ltr'><strong>denuntiantur</strong></span> <span class='ocrx_word' id='word_1_184' title='bbox 1326 2241 1528 2321; x_wconf 74' lang='lat' dir='ltr'><strong>indulgentiae</strong></span> 
     </span>
     <span class='ocr_line' id='line_1_20' title="bbox 221 2343 1530 2430; baseline 0.002 -26"><span class='ocrx_word' id='word_1_185' title='bbox 221 2361 276 2423; x_wconf 89' lang='lat' dir='ltr'><strong>per</strong></span> <span class='ocrx_word' id='word_1_186' title='bbox 287 2363 355 2405; x_wconf 90' lang='lat' dir='ltr'><strong>eam</strong></span> <span class='ocrx_word' id='word_1_187' title='bbox 369 2363 540 2424; x_wconf 88' lang='lat' dir='ltr'><strong>concessae,</strong></span> <span class='ocrx_word' id='word_1_188' title='bbox 555 2347 659 2427; x_wconf 84' lang='lat' dir='ltr'><strong>quibrrs</strong></span> <span class='ocrx_word' id='word_1_189' title='bbox 674 2347 851 2411; x_wconf 86' lang='lat' dir='ltr'><strong>denuntiatis</strong></span> <span class='ocrx_word' id='word_1_190' title='bbox 865 2352 962 2430; x_wconf 80' lang='lat' dir='ltr'><strong>signat</strong></span> <span class='ocrx_word' id='word_1_191' title='bbox 970 2349 1110 2413; x_wconf 82' lang='lat' dir='ltr'><strong>Pontifex</strong></span> <span class='ocrx_word' id='word_1_192' title='bbox 1123 2350 1215 2413; x_wconf 87' lang='lat' dir='ltr'><strong>altare</strong></span> <span class='ocrx_word' id='word_1_193' title='bbox 1225 2349 1327 2411; x_wconf 88' lang='lat' dir='ltr'><strong>diceus</strong></span> <span class='ocrx_word' id='word_1_194' title='bbox 1335 2343 1530 2423; x_wconf 78' lang='lat' dir='ltr'><strong>Evangelium</strong></span> 
     </span>
     <span class='ocr_line' id='line_1_21' title="bbox 220 2447 1529 2532; baseline 0.003 -26"><span class='ocrx_word' id='word_1_195' title='bbox 220 2448 315 2508; x_wconf 88' lang='lat' dir='ltr'><strong>sancti</strong></span> <span class='ocrx_word' id='word_1_196' title='bbox 326 2447 445 2510; x_wconf 90' lang='lat' dir='ltr'><strong>loannis</strong></span> <span class='ocrx_word' id='word_1_197' title='bbox 459 2458 490 2511; x_wconf 90' lang='lat' dir='ltr'><strong>et</strong></span> <span class='ocrx_word' id='word_1_198' title='bbox 503 2449 617 2511; x_wconf 91' lang='lat' dir='ltr'><strong>accedit</strong></span> <span class='ocrx_word' id='word_1_199' title='bbox 630 2450 665 2512; x_wconf 90' lang='lat' dir='ltr'><strong>ad</strong></span> <span class='ocrx_word' id='word_1_200' title='bbox 677 2449 886 2532; x_wconf 81' lang='lat' dir='ltr'><strong>faldistorium,</strong></span> <span class='ocrx_word' id='word_1_201' title='bbox 898 2452 1046 2518; x_wconf 85' lang='lat' dir='ltr'><strong>ubisedet</strong></span> <span class='ocrx_word' id='word_1_202' title='bbox 1058 2470 1123 2515; x_wconf 89' lang='lat' dir='ltr'><strong>eum</strong></span> <span class='ocrx_word' id='word_1_203' title='bbox 1137 2454 1221 2514; x_wconf 88' lang='lat' dir='ltr'><strong>mitra</strong></span> <span class='ocrx_word' id='word_1_204' title='bbox 1235 2460 1265 2513; x_wconf 93' lang='lat' dir='ltr'><strong>et</strong></span> <span class='ocrx_word' id='word_1_205' title='bbox 1276 2451 1362 2512; x_wconf 86' lang='lat' dir='ltr'><strong>iubet</strong></span> <span class='ocrx_word' id='word_1_206' title='bbox 1372 2449 1529 2528; x_wconf 71' lang='lat' dir='ltr'><strong>Presbyte-</strong></span> 
     </span>
     <span class='ocr_line' id='line_1_22' title="bbox 220 2549 1527 2627; baseline 0.002 -19"><span class='ocrx_word' id='word_1_207' title='bbox 220 2549 262 2609; x_wconf 89' lang='lat' dir='ltr'><strong>rie</strong></span> <span class='ocrx_word' id='word_1_208' title='bbox 278 2557 401 2627; x_wconf 87' lang='lat' dir='ltr'><strong>attente,</strong></span> <span class='ocrx_word' id='word_1_209' title='bbox 417 2559 448 2612; x_wconf 92' lang='grc' dir='ltr'><strong>ιιι</strong></span> <span class='ocrx_word' id='word_1_210' title='bbox 461 2552 543 2614; x_wconf 85' lang='lat' dir='ltr'><strong>iuxta</strong></span> <span class='ocrx_word' id='word_1_211' title='bbox 557 2569 699 2614; x_wconf 84' lang='lat' dir='ltr'><strong>canoomu</strong></span> <span class='ocrx_word' id='word_1_212' title='bbox 712 2553 899 2617; x_wconf 88' lang='lat' dir='ltr'><strong>traditionem</strong></span> <span class='ocrx_word' id='word_1_213' title='bbox 908 2554 1039 2618; x_wconf 80' lang='lat' dir='ltr'><strong>Chrisma</strong></span> <span class='ocrx_word' id='word_1_214' title='bbox 1053 2565 1084 2619; x_wconf 90' lang='lat' dir='ltr'><strong>et</strong></span> <span class='ocrx_word' id='word_1_215' title='bbox 1096 2554 1164 2619; x_wconf 90' lang='lat' dir='ltr'><strong>olea</strong></span> <span class='ocrx_word' id='word_1_216' title='bbox 1178 2553 1303 2616; x_wconf 88' lang='lat' dir='ltr'><strong>iideliter</strong></span> <span class='ocrx_word' id='word_1_217' title='bbox 1316 2550 1487 2615; x_wconf 85' lang='lat' dir='ltr'><strong>custodiant</strong></span> <span class='ocrx_word' id='word_1_218' title='bbox 1499 2559 1527 2611; x_wconf 89' lang='lat' dir='ltr'><strong>et</strong></span> 
     </span>
     <span class='ocr_line' id='line_1_23' title="bbox 145 2650 1530 2749; baseline 0.001 -37"><span class='ocrx_word' id='word_1_219' title='bbox 145 2742 147 2749; x_wconf 17' lang='grc' dir='ltr'><strong><em>Α</em></strong></span> <span class='ocrx_word' id='word_1_220' title='bbox 218 2650 291 2713; x_wconf 86' lang='lat' dir='ltr'><strong>nulli</strong></span> <span class='ocrx_word' id='word_1_221' title='bbox 304 2652 357 2714; x_wconf 89' lang='lat' dir='ltr'><strong>sub</strong></span> <span class='ocrx_word' id='word_1_222' title='bbox 371 2662 528 2734; x_wconf 86' lang='lat' dir='ltr'><strong>praetextu</strong></span> <span class='ocrx_word' id='word_1_223' title='bbox 540 2653 703 2717; x_wconf 88' lang='lat' dir='ltr'><strong>medicinae</strong></span> <span class='ocrx_word' id='word_1_224' title='bbox 719 2655 767 2718; x_wconf 84' lang='lat' dir='ltr'><strong>vel</strong></span> <span class='ocrx_word' id='word_1_225' title='bbox 781 2657 917 2721; x_wconf 83' lang='lat' dir='ltr'><strong>maleficii</strong></span> <span class='ocrx_word' id='word_1_226' title='bbox 929 2657 1047 2729; x_wconf 85' lang='lat' dir='ltr'><strong>tradere</strong></span> <span class='ocrx_word' id='word_1_227' title='bbox 1059 2666 1256 2741; x_wconf 83' lang='lat' dir='ltr'><strong>praesumant,</strong></span> <span class='ocrx_word' id='word_1_228' title='bbox 1269 2655 1403 2739; x_wconf 81' lang='lat' dir='ltr'><strong>alioquin</strong></span> <span class='ocrx_word' id='word_1_229' title='bbox 1416 2655 1530 2719; x_wconf 81' lang='lat' dir='ltr'><strong>honore</strong></span> 
     </span>
     <span class='ocr_line' id='line_1_24' title="bbox 218 2753 750 2841; baseline 0.008 -27"><span class='ocrx_word' id='word_1_230' title='bbox 218 2753 383 2833; x_wconf 84' lang='lat' dir='ltr'><strong>priventur.</strong></span> <span class='ocrx_word' id='word_1_231' title='bbox 744 2806 750 2841; x_wconf 75' lang='lat'><strong>,</strong></span> 
     </span>
    </p>
   </div>
   <div class='ocr_carea' id='block_1_5' title="bbox 763 2879 991 2888">
    <p class='ocr_par' dir='ltr' id='par_1_5' title="bbox 763 2879 991 2888">
     <span class='ocr_line' id='line_1_25' title="bbox 763 2879 991 2888; baseline 0.009 -2"><span class='ocrx_word' id='word_1_232' title='bbox 763 2879 991 2888; x_wconf 63' lang='lat' dir='ltr'><strong>a———n--n--n</strong></span> 
     </span>
    </p>
   </div>
   <div class='ocr_carea' id='block_1_6' title="bbox 284 3019 1464 3263">
    <p class='ocr_par' dir='ltr' id='par_1_6' title="bbox 284 3019 1464 3263">
     <span class='ocr_line' id='line_1_26' title="bbox 284 3019 1464 3139; baseline 0.007 -37"><span class='ocrx_word' id='word_1_233' title='bbox 284 3024 368 3102; x_wconf 85' lang='lat' dir='ltr'><strong>vn.</strong></span> <span class='ocrx_word' id='word_1_234' title='bbox 391 3028 678 3109; x_wconf 73' lang='lat' dir='ltr'><strong>erumnarum</strong></span> <span class='ocrx_word' id='word_1_235' title='bbox 704 3034 1002 3137; x_wconf 67' lang='lat' dir='ltr'><strong>(untalaim)</strong></span> <span class='ocrx_word' id='word_1_236' title='bbox 1028 3019 1077 3111; x_wconf 79' lang='lat' dir='ltr'><strong>nt</strong></span> <span class='ocrx_word' id='word_1_237' title='bbox 1104 3035 1262 3139; x_wconf 70' lang='lat' dir='ltr'><strong>conns</strong></span> <span class='ocrx_word' id='word_1_238' title='bbox 1286 3036 1464 3113; x_wconf 82' lang='lat' dir='ltr'><strong>nonum.</strong></span> 
     </span>
     <span class='ocr_line' id='line_1_27' title="bbox 627 3173 1236 3263; baseline 0.007 -16"><span class='ocrx_word' id='word_1_239' title='bbox 627 3173 692 3247; x_wconf 85' lang='lat' dir='ltr'><strong>Ex</strong></span> <span class='ocrx_word' id='word_1_240' title='bbox 716 3173 890 3251; x_wconf 86' lang='lat' dir='ltr'><strong>Missali</strong></span> <span class='ocrx_word' id='word_1_241' title='bbox 914 3174 1116 3259; x_wconf 87' lang='lat' dir='ltr'><strong>Romano.</strong></span> <span class='ocrx_word' id='word_1_242' title='bbox 1157 3254 1181 3263; x_wconf 64' lang='grc'><strong>,,</strong></span> <span class='ocrx_word' id='word_1_243' title='bbox 1229 3224 1236 3251; x_wconf 57' lang='grc' dir='ltr'>ι</span> 
     </span>
    </p>
   </div>
   <div class='ocr_carea' id='block_1_7' title="bbox 211 3309 1531 4331">
    <p class='ocr_par' dir='ltr' id='par_1_7' title="bbox 211 3309 1531 4331">
     <span class='ocr_line' id='line_1_28' title="bbox 318 3309 1526 3403; baseline 0.01 -31"><span class='ocrx_word' id='word_1_244' title='bbox 318 3309 391 3374; x_wconf 81' lang='grc' dir='ltr'>Ροιι</span> <span class='ocrx_word' id='word_1_245' title='bbox 414 3310 640 3382; x_wconf 90' lang='lat' dir='ltr'><strong>denudationem</strong></span> <span class='ocrx_word' id='word_1_246' title='bbox 667 3319 800 3382; x_wconf 90' lang='lat' dir='ltr'><strong>altarium</strong></span> <span class='ocrx_word' id='word_1_247' title='bbox 826 3321 900 3384; x_wconf 89' lang='lat' dir='ltr'><strong>hora</strong></span> <span class='ocrx_word' id='word_1_248' title='bbox 926 3322 1106 3403; x_wconf 83' lang='lat' dir='ltr'><strong>competenti</strong></span> <span class='ocrx_word' id='word_1_249' title='bbox 1122 3321 1202 3384; x_wconf 90' lang='lat' dir='ltr'><strong>iactu</strong></span> <span class='ocrx_word' id='word_1_250' title='bbox 1223 3321 1312 3400; x_wconf 74' lang='lat' dir='ltr'><strong>signo</strong></span> <span class='ocrx_word' id='word_1_251' title='bbox 1331 3338 1398 3384; x_wconf 84' lang='lat' dir='ltr'><strong>euna</strong></span> <span class='ocrx_word' id='word_1_252' title='bbox 1421 3319 1526 3398; x_wconf 74' lang='lat' dir='ltr'><strong>rasus,</strong></span> 
     </span>
     <span class='ocr_line' id='line_1_29' title="bbox 220 3413 1528 3506; baseline 0.007 -31"><span class='ocrx_word' id='word_1_253' title='bbox 220 3413 397 3476; x_wconf 83' lang='lat' dir='ltr'><strong>conueniunt</strong></span> <span class='ocrx_word' id='word_1_254' title='bbox 412 3415 521 3481; x_wconf 78' lang='lat' dir='ltr'><strong>cleriei</strong></span> <span class='ocrx_word' id='word_1_255' title='bbox 547 3421 584 3483; x_wconf 93' lang='lat' dir='ltr'><strong>ad</strong></span> <span class='ocrx_word' id='word_1_256' title='bbox 604 3422 768 3486; x_wconf 88' lang='lat' dir='ltr'><strong>iaciendum</strong></span> <span class='ocrx_word' id='word_1_257' title='bbox 792 3425 966 3490; x_wconf 88' lang='lat' dir='ltr'><strong>mandatum.</strong></span> <span class='ocrx_word' id='word_1_258' title='bbox 1002 3423 1171 3487; x_wconf 72' lang='lat' dir='ltr'><strong>Praefatae·</strong></span> <span class='ocrx_word' id='word_1_259' title='bbox 1185 3441 1239 3485; x_wconf 92' lang='lat' dir='ltr'><strong>seu</strong></span> <span class='ocrx_word' id='word_1_260' title='bbox 1262 3427 1421 3506; x_wconf 83' lang='lat' dir='ltr'><strong>superior,</strong></span> <span class='ocrx_word' id='word_1_261' title='bbox 1440 3438 1528 3506; x_wconf 89' lang='lat' dir='ltr'><strong>super</strong></span> 
     </span>
     <span class='ocr_line' id='line_1_30' title="bbox 218 3506 1530 3610; baseline 0.01 -36"><span class='ocrx_word' id='word_1_262' title='bbox 218 3515 324 3577; x_wconf 87' lang='lat' dir='ltr'><strong>amiota</strong></span> <span class='ocrx_word' id='word_1_263' title='bbox 339 3526 369 3579; x_wconf 89' lang='lat' dir='ltr'><strong>et</strong></span> <span class='ocrx_word' id='word_1_264' title='bbox 382 3519 447 3581; x_wconf 86' lang='lat' dir='ltr'><strong>alba</strong></span> <span class='ocrx_word' id='word_1_265' title='bbox 460 3521 590 3587; x_wconf 91' lang='lat' dir='ltr'><strong>induitur</strong></span> <span class='ocrx_word' id='word_1_266' title='bbox 602 3525 678 3589; x_wconf 90' lang='lat' dir='ltr'><strong>stola</strong></span> <span class='ocrx_word' id='word_1_267' title='bbox 694 3535 724 3588; x_wconf 88' lang='lat' dir='ltr'><strong>et</strong></span> <span class='ocrx_word' id='word_1_268' title='bbox 737 3526 858 3608; x_wconf 82' lang='lat' dir='ltr'><strong>pluuiali</strong></span> <span class='ocrx_word' id='word_1_269' title='bbox 872 3527 1032 3607; x_wconf 85' lang='lat' dir='ltr'><strong>violaceis,</strong></span> <span class='ocrx_word' id='word_1_270' title='bbox 1050 3536 1081 3589; x_wconf 87' lang='lat' dir='ltr'><strong>et</strong></span> <span class='ocrx_word' id='word_1_271' title='bbox 1093 3527 1123 3588; x_wconf 94' lang='lat' dir='ltr'><strong>in</strong></span> <span class='ocrx_word' id='word_1_272' title='bbox 1137 3527 1204 3589; x_wconf 88' lang='lat' dir='ltr'><strong>loeo</strong></span> <span class='ocrx_word' id='word_1_273' title='bbox 1216 3527 1252 3589; x_wconf 92' lang='lat' dir='ltr'><strong>ad</strong></span> <span class='ocrx_word' id='word_1_274' title='bbox 1265 3527 1295 3588; x_wconf 84' lang='lat' dir='ltr'><strong>it</strong></span> <span class='ocrx_word' id='word_1_275' title='bbox 1312 3527 1467 3610; x_wconf 85' lang='lat' dir='ltr'><strong>deputate,</strong></span> <span class='ocrx_word' id='word_1_276' title='bbox 1479 3506 1530 3587; x_wconf 81' lang='lat' dir='ltr'><strong>mi·</strong></span> 
     </span>
     <span class='ocr_line' id='line_1_31' title="bbox 218 3614 1530 3714; baseline 0.009 -36"><span class='ocrx_word' id='word_1_277' title='bbox 218 3618 363 3680; x_wconf 89' lang='lat' dir='ltr'><strong>ufstraute</strong></span> <span class='ocrx_word' id='word_1_278' title='bbox 380 3621 511 3686; x_wconf 86' lang='lat' dir='ltr'><strong>Diaeouo</strong></span> <span class='ocrx_word' id='word_1_279' title='bbox 536 3614 603 3714; x_wconf 86' lang='lat' dir='ltr'><strong>(qni</strong></span> <span class='ocrx_word' id='word_1_280' title='bbox 619 3637 738 3711; x_wconf 88' lang='lat' dir='ltr'><strong>paratus</strong></span> <span class='ocrx_word' id='word_1_281' title='bbox 754 3649 817 3692; x_wconf 90' lang='lat' dir='ltr'><strong>cum</strong></span> <span class='ocrx_word' id='word_1_282' title='bbox 832 3630 1019 3694; x_wconf 88' lang='lat' dir='ltr'><strong>Subdiacono</strong></span> <span class='ocrx_word' id='word_1_283' title='bbox 1034 3638 1065 3692; x_wconf 86' lang='lat' dir='ltr'><strong>ut</strong></span> <span class='ocrx_word' id='word_1_284' title='bbox 1076 3631 1107 3691; x_wconf 92' lang='lat' dir='ltr'><strong>in</strong></span> <span class='ocrx_word' id='word_1_285' title='bbox 1121 3629 1227 3709; x_wconf 87' lang='lat' dir='ltr'><strong>llissa,</strong></span> <span class='ocrx_word' id='word_1_286' title='bbox 1248 3632 1431 3712; x_wconf 88' lang='lat' dir='ltr'><strong>paramentis</strong></span> <span class='ocrx_word' id='word_1_287' title='bbox 1445 3629 1530 3711; x_wconf 79' lang='lat' dir='ltr'><strong>allois,</strong></span> 
     </span>
     <span class='ocr_line' id='line_1_32' title="bbox 216 3721 1530 3813; baseline 0.011 -34"><span class='ocrx_word' id='word_1_288' title='bbox 216 3721 244 3781; x_wconf 90' lang='lat' dir='ltr'><strong>ei</strong></span> <span class='ocrx_word' id='word_1_289' title='bbox 260 3721 385 3797; x_wconf 87' lang='lat' dir='ltr'><strong>assistit)</strong></span> <span class='ocrx_word' id='word_1_290' title='bbox 402 3725 526 3806; x_wconf 88' lang='lat' dir='ltr'><strong>imponit</strong></span> <span class='ocrx_word' id='word_1_291' title='bbox 540 3731 691 3794; x_wconf 87' lang='lat' dir='ltr'><strong>incensum</strong></span> <span class='ocrx_word' id='word_1_292' title='bbox 712 3734 742 3795; x_wconf 92' lang='lat' dir='ltr'><strong>iu</strong></span> <span class='ocrx_word' id='word_1_293' title='bbox 756 3733 923 3813; x_wconf 85' lang='lat' dir='ltr'><strong>thuribulo,</strong></span> <span class='ocrx_word' id='word_1_294' title='bbox 943 3733 1050 3797; x_wconf 88' lang='lat' dir='ltr'><strong>deiude</strong></span> <span class='ocrx_word' id='word_1_295' title='bbox 1065 3733 1214 3795; x_wconf 82' lang='lat' dir='ltr'><strong>Diaconos</strong></span> <span class='ocrx_word' id='word_1_296' title='bbox 1228 3731 1335 3795; x_wconf 88' lang='lat' dir='ltr'><strong>librum</strong></span> <span class='ocrx_word' id='word_1_297' title='bbox 1351 3731 1530 3813; x_wconf 76' lang='lat' dir='ltr'><strong>Evangelio·</strong></span> 
     </span>
     <span class='ocr_line' id='line_1_33' title="bbox 216 3831 1530 3925; baseline 0.011 -43"><span class='ocrx_word' id='word_1_298' title='bbox 216 3840 279 3884; x_wconf 89' lang='lat' dir='ltr'><strong>rnm</strong></span> <span class='ocrx_word' id='word_1_299' title='bbox 293 3831 363 3886; x_wconf 90' lang='lat' dir='ltr'><strong>ante</strong></span> <span class='ocrx_word' id='word_1_300' title='bbox 373 3836 483 3907; x_wconf 83' lang='lat' dir='ltr'><strong>peetus</strong></span> <span class='ocrx_word' id='word_1_301' title='bbox 497 3839 612 3913; x_wconf 88' lang='lat' dir='ltr'><strong>tenens,</strong></span> <span class='ocrx_word' id='word_1_302' title='bbox 628 3835 803 3915; x_wconf 76' lang='lat' dir='ltr'><strong>genuflexus</strong></span> <span class='ocrx_word' id='word_1_303' title='bbox 816 3847 885 3900; x_wconf 90' lang='lat' dir='ltr'><strong>aute</strong></span> <span class='ocrx_word' id='word_1_304' title='bbox 897 3838 1103 3925; x_wconf 81' lang='lat' dir='ltr'><strong>Superiorem,</strong></span> <span class='ocrx_word' id='word_1_305' title='bbox 1116 3837 1192 3918; x_wconf 90' lang='lat' dir='ltr'><strong>petit</strong></span> <span class='ocrx_word' id='word_1_306' title='bbox 1205 3836 1462 3898; x_wconf 83' lang='lat' dir='ltr'><strong>benedictionem:</strong></span> <span class='ocrx_word' id='word_1_307' title='bbox 1477 3832 1530 3917; x_wconf 79' lang='lat' dir='ltr'><strong>p&#39;us</strong></span> 
     </span>
     <span class='ocr_line' id='line_1_34' title="bbox 214 3932 1529 4018; baseline 0.008 -30"><span class='ocrx_word' id='word_1_308' title='bbox 214 3935 354 4006; x_wconf 87' lang='lat' dir='ltr'><strong>accepta,</strong></span> <span class='ocrx_word' id='word_1_309' title='bbox 376 3932 538 3995; x_wconf 78' lang='lat' dir='ltr'><strong>astamibna</strong></span> <span class='ocrx_word' id='word_1_310' title='bbox 554 3935 668 4000; x_wconf 88' lang='lat' dir='ltr'><strong>duobus</strong></span> <span class='ocrx_word' id='word_1_311' title='bbox 682 3939 837 4018; x_wconf 75' lang='lat' dir='ltr'><strong>dcolythis</strong></span> <span class='ocrx_word' id='word_1_312' title='bbox 851 3959 915 4002; x_wconf 89' lang='lat' dir='ltr'><strong>cum</strong></span> <span class='ocrx_word' id='word_1_313' title='bbox 930 3937 1113 4002; x_wconf 86' lang='lat' dir='ltr'><strong>candelabris</strong></span> <span class='ocrx_word' id='word_1_314' title='bbox 1128 3939 1325 4016; x_wconf 72' lang='lat' dir='ltr'><strong>accensis,‘et</strong></span> <span class='ocrx_word' id='word_1_315' title='bbox 1342 3938 1529 4001; x_wconf 82' lang='lat' dir='ltr'><strong>subdiacono</strong></span> 
     </span>
     <span class='ocr_line' id='line_1_35' title="bbox 213 4026 1529 4121; baseline 0.009 -33"><span class='ocrx_word' id='word_1_316' title='bbox 213 4026 319 4091; x_wconf 88' lang='lat' dir='ltr'><strong>libram</strong></span> <span class='ocrx_word' id='word_1_317' title='bbox 332 4038 475 4113; x_wconf 84' lang='lat' dir='ltr'><strong>tenente,</strong></span> <span class='ocrx_word' id='word_1_318' title='bbox 500 4039 599 4118; x_wconf 81' lang='lat' dir='ltr'><strong>signat</strong></span> <span class='ocrx_word' id='word_1_319' title='bbox 612 4039 717 4102; x_wconf 89' lang='lat' dir='ltr'><strong>librum</strong></span> <span class='ocrx_word' id='word_1_320' title='bbox 732 4052 762 4104; x_wconf 91' lang='lat' dir='ltr'><strong>et</strong></span> <span class='ocrx_word' id='word_1_321' title='bbox 775 4045 908 4105; x_wconf 86' lang='lat' dir='ltr'><strong>incensat</strong></span> <span class='ocrx_word' id='word_1_322' title='bbox 922 4050 951 4104; x_wconf 91' lang='lat' dir='ltr'><strong>et</strong></span> <span class='ocrx_word' id='word_1_323' title='bbox 966 4051 1077 4120; x_wconf 83' lang='lat' dir='ltr'><strong>cantat,</strong></span> <span class='ocrx_word' id='word_1_324' title='bbox 1093 4049 1123 4102; x_wconf 91' lang='grc' dir='ltr'><strong>ιιι</strong></span> <span class='ocrx_word' id='word_1_325' title='bbox 1138 4041 1227 4103; x_wconf 87' lang='lat' dir='ltr'><strong>morie</strong></span> <span class='ocrx_word' id='word_1_326' title='bbox 1240 4049 1303 4120; x_wconf 88' lang='lat' dir='ltr'><strong>est,</strong></span> <span class='ocrx_word' id='word_1_327' title='bbox 1318 4039 1529 4121; x_wconf 79' lang='lat' dir='ltr'><strong>Evangelium:</strong></span> 
     </span>
     <span class='ocr_line' id='line_1_36' title="bbox 213 4119 1531 4226; baseline 0.014 -33"><span class='ocrx_word' id='word_1_328' title='bbox 213 4119 308 4195; x_wconf 84' lang='lat' dir='ltr'><strong>Ante</strong></span> <span class='ocrx_word' id='word_1_329' title='bbox 335 4123 424 4198; x_wconf 90' lang='lat' dir='ltr'><strong>diem</strong></span> <span class='ocrx_word' id='word_1_330' title='bbox 444 4125 569 4203; x_wconf 83' lang='lat' dir='ltr'><strong>festum</strong></span> <span class='ocrx_word' id='word_1_331' title='bbox 589 4132 764 4226; x_wconf 76' lang='lat' dir='ltr'><strong>Paschae,</strong></span> <span class='ocrx_word' id='word_1_332' title='bbox 788 4154 819 4207; x_wconf 87' lang='lat' dir='ltr'><strong>ut</strong></span> <span class='ocrx_word' id='word_1_333' title='bbox 839 4146 868 4207; x_wconf 91' lang='lat' dir='ltr'><strong>in</strong></span> <span class='ocrx_word' id='word_1_334' title='bbox 889 4144 988 4209; x_wconf 85' lang='lat' dir='ltr'><strong>llissa.</strong></span> <span class='ocrx_word' id='word_1_335' title='bbox 1028 4144 1093 4223; x_wconf 80' lang='lat' dir='ltr'><strong>Quo</strong></span> <span class='ocrx_word' id='word_1_336' title='bbox 1116 4143 1197 4219; x_wconf 87' lang='lat' dir='ltr'><strong>linito</strong></span> <span class='ocrx_word' id='word_1_337' title='bbox 1212 4129 1419 4208; x_wconf 81' lang='lat' dir='ltr'><strong>Suhdfacouns</strong></span> <span class='ocrx_word' id='word_1_338' title='bbox 1433 4149 1531 4226; x_wconf 85' lang='lat' dir='ltr'><strong>portat</strong></span> 
     </span>
     <span class='ocr_line' id='line_1_37' title="bbox 211 4230 1530 4331; baseline 0.012 -38"><span class='ocrx_word' id='word_1_339' title='bbox 211 4230 321 4296; x_wconf 81' lang='lat' dir='ltr'><strong>librum</strong></span> <span class='ocrx_word' id='word_1_340' title='bbox 332 4247 468 4316; x_wconf 88' lang='lat' dir='ltr'><strong>apertum</strong></span> <span class='ocrx_word' id='word_1_341' title='bbox 481 4243 670 4309; x_wconf 88' lang='lat' dir='ltr'><strong>osculandum</strong></span> <span class='ocrx_word' id='word_1_342' title='bbox 682 4247 841 4331; x_wconf 82' lang='lat' dir='ltr'><strong>Superiori</strong></span> <span class='ocrx_word' id='word_1_343' title='bbox 857 4258 887 4310; x_wconf 91' lang='lat' dir='ltr'><strong>et</strong></span> <span class='ocrx_word' id='word_1_344' title='bbox 900 4248 1049 4311; x_wconf 82' lang='lat' dir='ltr'><strong>lliacouus</strong></span> <span class='ocrx_word' id='word_1_345' title='bbox 1066 4265 1132 4309; x_wconf 88' lang='lat' dir='ltr'><strong>eum</strong></span> <span class='ocrx_word' id='word_1_346' title='bbox 1148 4245 1188 4310; x_wconf 86' lang='lat' dir='ltr'><strong>de</strong></span> <span class='ocrx_word' id='word_1_347' title='bbox 1198 4247 1441 4310; x_wconf 83' lang='lat' dir='ltr'><strong>marciacensst.</strong></span> <span class='ocrx_word' id='word_1_348' title='bbox 1476 4245 1530 4309; x_wconf 85' lang='lat' dir='ltr'><strong>l’o·</strong></span> 
     </span>
    </p>
   </div>
   <div class='ocr_carea' id='block_1_8' title="bbox 211 4410 1529 4488">
    <p class='ocr_par' dir='ltr' id='par_1_8' title="bbox 211 4387 1529 4488">
     <span class='ocr_line' id='line_1_38' title="bbox 211 4410 1529 4488; baseline 0.012 -22"><span class='ocrx_word' id='word_1_349' title='bbox 211 4410 338 4472; x_wconf 73' lang='lat' dir='ltr'><strong>omittunt</strong></span> <span class='ocrx_word' id='word_1_350' title='bbox 356 4424 391 4474; x_wconf 90' lang='grc' dir='ltr'><strong>ιιι</strong></span> <span class='ocrx_word' id='word_1_351' title='bbox 411 4421 585 4484; x_wconf 87' lang='lat' dir='ltr'><strong>emittere</strong></span> <span class='ocrx_word' id='word_1_352' title='bbox 607 4427 635 4484; x_wconf 90' lang='lat' dir='ltr'><strong>d.</strong></span> <span class='ocrx_word' id='word_1_353' title='bbox 650 4425 676 4481; x_wconf 86' lang='lat' dir='ltr'><strong>b.</strong></span> <span class='ocrx_word' id='word_1_354' title='bbox 692 4432 712 4482; x_wconf 91' lang='lat' dir='ltr'><strong>t.</strong></span> <span class='ocrx_word' id='word_1_355' title='bbox 728 4443 751 4482; x_wconf 89' lang='lat' dir='ltr'><strong>s.</strong></span> <span class='ocrx_word' id='word_1_356' title='bbox 769 4427 796 4488; x_wconf 84' lang='lat' dir='ltr'><strong>lu.</strong></span> <span class='ocrx_word' id='word_1_357' title='bbox 813 4428 941 4484; x_wconf 88' lang='lat' dir='ltr'><strong>oleum.</strong></span> <span class='ocrx_word' id='word_1_358' title='bbox 959 4423 1002 4484; x_wconf 72' lang='lat' dir='ltr'><strong>cl.</strong></span> <span class='ocrx_word' id='word_1_359' title='bbox 1016 4425 1049 4483; x_wconf 84' lang='lat' dir='ltr'><strong>E</strong></span> <span class='ocrx_word' id='word_1_360' title='bbox 1064 4425 1294 4483; x_wconf 76' lang='lat' dir='ltr'><strong>attentaris.</strong></span> <span class='ocrx_word' id='word_1_361' title='bbox 1324 4424 1355 4485; x_wconf 78' lang='lat' dir='ltr'><strong>d.</strong></span> <span class='ocrx_word' id='word_1_362' title='bbox 1371 4425 1406 4488; x_wconf 83' lang='lat' dir='ltr'><strong>ll.</strong></span> <span class='ocrx_word' id='word_1_363' title='bbox 1420 4424 1529 4485; x_wconf 83' lang='lat' dir='ltr'><strong>istius</strong></span> 
     </span>
    </p>
   </div>
   <div class='ocr_carea' id='block_1_9' title="bbox 208 4499 1528 4647">
    <p class='ocr_par' dir='ltr' id='par_1_9' title="bbox 208 4499 1528 4647">
     <span class='ocr_line' id='line_1_39' title="bbox 208 4499 1528 4647; baseline -0.001 -13"><span class='ocrx_word' id='word_1_364' title='bbox 208 4499 525 4647; x_wconf 45' lang='lat' dir='ltr'><strong>:tiathire</strong></span> <span class='ocrx_word' id='word_1_365' title='bbox 546 4509 742 4585; x_wconf 61' lang='lat' dir='ltr'><strong>wareo·</strong></span> <span class='ocrx_word' id='word_1_366' title='bbox 767 4510 853 4618; x_wconf 69' lang='lat' dir='ltr'><strong>aa·</strong></span> <span class='ocrx_word' id='word_1_367' title='bbox 874 4509 1119 4584; x_wconf 59' lang='lat' dir='ltr'><strong>suracim·</strong></span> <span class='ocrx_word' id='word_1_368' title='bbox 1152 4508 1182 4569; x_wconf 59' lang='lat' dir='ltr'><strong>r·</strong></span> <span class='ocrx_word' id='word_1_369' title='bbox 1208 4527 1307 4633; x_wconf 57' lang='lat' dir='ltr'><strong>aar</strong></span> <span class='ocrx_word' id='word_1_370' title='bbox 1331 4525 1528 4625; x_wconf 57' lang='grc' dir='ltr'><strong>--Μ</strong></span> 
     </span>
    </p>
   </div>
   <div class='ocr_carea' id='block_1_10' title="bbox 0 0 1606 5176">
    <p class='ocr_par' dir='ltr' id='par_1_10' title="bbox 0 0 1606 5176">
     <span class='ocr_line' id='line_1_40' title="bbox 0 0 1606 5176; baseline 0 7"><span class='ocrx_word' id='word_1_371' title='bbox 0 0 1606 5176; x_wconf 95' lang='lat' dir='ltr'><strong> </strong></span> 
     </span>
    </p>
   </div>
  </div>
 </body>
</html>
