3202 5176
675 264 676 271 Ν
753 314 827 384 255

139 505 347 583 nltolry'nno,
362 523 427 566 cam
442 503 640 566 Consecratus
653 523 794 567 reversas
805 505 895 566 inerit
909 504 944 566 ad
958 505 1060 567 sedem
1072 523 1165 588 mam,
1180 506 1213 573 ὓζ
1225 508 1455 591 Ιιινίρίῌνιιοίιι

140 617 343 688 prosequente
363 607 439 680 hano
458 607 673 688 Antiphonam:
704 598 876 670 Firmelul'
895 621 1015 672 manus
1037 609 1094 670 lua
1121 612 1155 674 et
1178 603 1350 675 exaltetur·
1370 606 1454 676 dex·

138 713 214 772 tera
236 709 308 790 tua,
334 701 484 773 iustitiae
504 710 539 770 et
561 702 720 771 iudicimn
741 704 960 795 praeparatio
986 703 1078 774 sedis
1099 712 1188 775 tuae.
1227 701 1345 776 Gloria
1361 707 1455 778 Patri

140 813 176 874 ct
203 800 292 873 inno
316 812 352 873 et
365 799 506 897 Spiritui
520 799 658 875 Sancto.
683 800 780 875 Sicut
802 813 877 874 erat
897 805 932 872 in
953 805 1120 899 principio
1143 814 1177 877 et
1198 817 1344 877 nuncet
1365 829 1453 882 sem-

138 910 257 1000 per'et
275 906 311 974 in
334 904 475 976 saecula
494 905 721 976 saeculorum.
748 903 872 976 Amen.
917 912 954 973 Et
968 917 1112 994 repetitur
1125 924 1188 978 tota
1202 916 1382 996 Antiphone,
1397 921 1464 998 qua.

140 1016 220 1076 nnita
235 1013 269 1075 ὓ.
285 1014 371 1076 dicit:
394 1005 541 1076 Domine
564 1006 690 1077 exaudi
717 1008 907 1077 orationem
928 1028 1048 1076 meam.
1072 1013 1115 1100 D·
1143 1007 1188 1079 Et
1206 1009 1337 1080 clamor
1355 1030 1453 1085 meus

87 1117 89 1121 ’
139 1107 182 1178 ad
208 1117 245 1178 te
269 1110 395 1178 veniat.
440 1107 608 1180 Dominus
628 1107 818 1180 vobiscum.
853 1113 896 1200 D·
939 1107 1083 1179 Etcum
1109 1112 1230 1205 spiritu
1254 1119 1324 1180 tuo.
1367 1111 1453 1183 Ore-

95 1252 98 1261 *
138 1230 233 1282 mus:
256 1209 364 1297 Deus,
384 1210 533 1278 omnium
552 1209 702 1280 fidelium
724 1219 842 1304 pastor
860 1219 895 1280 et
910 1221 1039 1299 rector,
1058 1211 1149 1282 hunc
1163 1211 1328 1281 famulum
1344 1222 1451 1302 tuum,

140 1331 241 1404 quem
272 1311 442 1381 ccclesiae
474 1319 553 1381 tuac
585 1332 750 1405 pracesse
774 1311 933 1400 voluisti,
963 1314 1131 1406 propitius
1159 1315 1314 1407 respice:
1350 1314 1453 1385 daei

139 1432 344 1505 quaesumus
366 1410 478 1482 verbo
498 1421 532 1481 et
554 1413 727 1507 exemplo,
755 1410 876 1505 quihus
902 1422 1053 1506 praeest,
1075 1413 1258 1508 prolicere,
1278 1423 1315 1485 ut
1337 1415 1452 1502 advi-

137 1522 206 1582 tam
225 1535 293 1582 una
320 1533 398 1582 cum
421 1533 531 1603 grege
553 1511 618 1585 sibi
635 1513 767 1583 credito
783 1517 963 1606 perveniat
981 1518 1230 1610 sempiternam.
1271 1515 1340 1587 Per
1356 1513 1451 1588 Chri-

138 1623 227 1686 stum
253 1614 436 1683 Dominum
459 1623 622 1684 nostrum.
674 1618 717 1705 lp.
745 1613 869 1683 Amen.

239 1721 525 1784 'lum‘chsecratus
545 1724 640 1799 surgit
661 1732 691 1783 et
710 1721 856 1784 accedens
877 1739 941 1782 cum
961 1723 1045 1782 mitra
1064 1730 1094 1782 et
1108 1722 1213 1784 baculo
1227 1724 1368 1803 pastorali
1383 1733 1451 1785 ante

138 1825 267 1886 medium
287 1824 404 1900 altaris,
426 1843 532 1884 versus
553 1823 588 1884 ad
610 1822 699 1902 illud,
724 1825 846 1901 signans
860 1841 894 1883 se
911 1841 974 1882 cum
987 1823 1097 1902 pollice
1112 1823 1253 1884 dexterae
1267 1843 1367 1903 manus
1382 1835 1450 1887 ante

139 1937 244 2006 pectus
262 1926 349 1987 dicit:
378 1915 429 1987 sn
447 1938 574 1987 nomen
587 1916 724 1986 Domini
742 1916 967 1987 benedictum.
990 1920 1033 2007 lla
1072 1914 1129 1985 Ex
1147 1915 1215 1987 hoc
1233 1928 1375 1988 nuncet
1393 1940 1450 1992 us-

139 2042 206 2114 que
231 2021 267 2088 in
292 2017 477 2090 saeculum.
529 2026 645 2088 Deinde
664 2027 776 2088 faciens
796 2028 912 2104 signum
933 2027 1030 2086 crucis
1049 2043 1066 2085 a
1085 2027 1183 2086 fronte
1196 2027 1232 2088 ad
1247 2037 1351 2108 pectus
1364 2029 1450 2091 dicit:

138 2122 356 2193 Adiutorium
377 2127 532 2192 nostrum
557 2121 749 2191 innomine
771 2118 918 2189 Domini.
968 2123 1011 2210 lt.
1060 2115 1126 2202 Qui
1147 2117 1230 2191 fecit
1255 2121 1392 2192 coelum
1415 2131 1450 2194 ct

138 2233 274 2294 terram.
295 2230 367 2290 'lum
381 2229 502 2290 elevans
516 2240 547 2291 et
559 2232 685 2308 iungens
700 2248 801 2290 manus
820 2238 906 2309 caput
919 2230 1064 2289 inclinans
1077 2229 1163 2290 dicit:
1183 2219 1370 2293 Benedicat
1383 2244 1449 2296 vos

140 2326 355 2417 omnipotens
377 2321 544 2393 Deus-
568 2341 598 2392 ct
618 2350 682 2391 cam
703 2331 811 2392 dixerit
824 2331 905 2390 Deus
923 2332 1011 2390 vertit
1026 2348 1059 2390 se
1075 2330 1111 2390 ad
1129 2331 1282 2412 populum,
1297 2335 1385 2394 tertio
1400 2353 1446 2392 su-

139 2453 196 2516 per
216 2444 282 2494 eum
295 2433 416 2508 signans
432 2431 582 2493 benedicit
595 2432 696 2493 dicens
718 2422 866 2515 Pal-ter
889 2431 923 2492 et
944 2421 1095 2523 Fi†lius
1109 2431 1143 2492 et
1156 2419 1302 2516 Spiritus
1316 2425 1347 2518 'i‘
1362 2423 1447 2496 San-

139 2538 223 2628 ctus
266 2530 309 2617 Ιν
336 2522 458 2595 Amen.
468 2519 500 2620 1)
592 2559 594 2563 -

242 2635 314 2696 'lum
329 2633 526 2696 consecratus
549 2632 663 2694 accedit
681 2632 717 2693 ad
732 2650 823 2692 cornu
837 2631 990 2712 Epistolae
1005 2631 1105 2691 altaris
1119 2639 1149 2690 et
1164 2631 1271 2691 ibidem
1287 2650 1349 2703 cum
1363 2635 1448 2695 mitra

141 2747 171 2798 et
192 2737 296 2800 baculo
317 2735 511 2814 genuflexus,
533 2753 638 2794 versus
656 2734 691 2794 ad
706 2732 956 2795 consecratorem
970 2733 1040 2793 dicit
1054 2722 1216 2793 cantando:
1241 2724 1299 2794 Ad
1321 2725 1447 2799 mullos
1476 2730 1481 2735 ’

140 2851 257 2902 annos.
309 2837 426 2899 Deinde
448 2836 592 2898 accedeus
610 2844 678 2896 ante
692 2835 818 2895 medium
832 2835 931 2895 altaris
946 2842 977 2892 ut
991 2834 1074 2912 prius
1085 2833 1260 2911 genuflexus
1276 2834 1346 2895 dicit
1361 2835 1449 2914 altius

140 2940 299 3002 cantando:
326 2929 384 3000 Ad
406 2931 531 3001 mullos
558 2949 675 3000 annos.
728 2936 836 2997 Postea
857 2935 971 2996 accedit
991 2935 1026 2995 ad
1047 2936 1139 3015 pedes
1154 2934 1377 2996 consecratoris
1397 2937 1446 2997 ubi

140 3043 229 3102 tertio
250 3042 424 3120 genuflexus
445 3050 476 3100 ut
500 3057 588 3119 supra
602 3040 706 3098 iterum
721 3039 806 3099 altius
822 3037 964 3099 cantando
980 3037 1065 3097 dicit:
1091 3027 1149 3098 Ad
1175 3029 1301 3101 mullos
1328 3051 1444 3101 annos

141 3143 213 3203 'lum
223 3141 255 3204 C.
270 3144 375 3224 recipit
390 3161 455 3203 eum
469 3150 641 3218 surgentem
654 3139 690 3200 ad
704 3141 834 3200 osculum
848 3141 929 3219 pacis
948 3146 981 3198 et
996 3138 1132 3199 similiter
1144 3139 1254 3199 iaciunt
1263 3140 1446 3200 desistentes

138 3244 292 3324 Episcopi,
307 3246 356 3324 qui
372 3242 599 3318 consecratum,
614 3259 678 3301 cum
692 3243 775 3301 mitra
790 3250 819 3301 et
837 3240 941 3301 baculo
955 3240 1094 3327 pastorali
1107 3240 1294 3302 incedentem
1308 3250 1339 3302 et
1351 3241 1446 3302 Evan-

140 3347 250 3424 gelium
270 3347 301 3407 S.
323 3346 457 3416 loannis;
483 3335 523 3407 ln
545 3336 710 3432 principio
738 3343 812 3404 erat
833 3332 978 3405 verbum
1004 3342 1067 3403 eto.
1095 3344 1285 3421 recitantem,
1316 3345 1393 3405 inter
1412 3362 1446 3403 se

139 3656 195 3696 non
207 3638 293 3694 miuus
303 3656 381 3710 quarn
392 3638 535 3695 duodecim
546 3637 743 3709 Episcoporum
755 3638 960 3706 catholicorum,
974 3652 990 3691 e
1002 3635 1098 3707 quibus
1112 3651 1179 3690 unus
1189 3642 1248 3691 erat
1258 3632 1447 3706 Aegelbeich·

140 3733 183 3781 tus
194 3723 345 3795 Episcopus
362 3724 407 3794 qui
425 3741 484 3780 eum
500 3729 614 3795 propter
632 3721 711 3777 iidem
728 3738 803 3777 suam
819 3721 962 3775 indicatam
980 3726 1120 3789 gratanter
1138 3724 1165 3773 et
1182 3719 1334 3776 honorilice
1354 3737 1446 3776 coram

140 3809 212 3864 omni
223 3808 325 3879 populo
337 3808 445 3879 publice
461 3808 664 3876 ordinaverunt,
677 3814 704 3862 et
714 3806 742 3860 in
754 3805 916 3873 sellaaurea
929 3805 1067 3859 sedentem
1082 3819 1158 3858 more
1169 3820 1262 3859 eorum
1273 3822 1376 3862 sursum
1388 3807 1446 3860 ele·

140 3899 281 3962 naverunt,
292 3899 434 3964 portantes
445 3891 472 3946 in
484 3892 604 3947 manibus
615 3891 667 3947 soli
677 3889 807 3961 Episcopi
818 3889 888 3944 intra
900 3891 1030 3957 oratoria,
1044 3888 1116 3944 nullo
1128 3887 1183 3943 alio
1195 3889 1357 3960 attingente,
1367 3890 1445 3958 hym-

139 3993 243 4049 nosque
255 3983 283 4032 et
294 3976 399 4031 cantica
410 3976 437 4031 in
449 3976 693 4038 chorcscantautes.
717 3975 823 4043 Nickel,
834 3973 956 4029 Pontific.
966 3991 992 4046 p.
1001 3973 1067 4028 220:
1081 3973 1130 4028 Die
1140 3973 1302 4029 Procession
1316 3973 1352 4028 ist
1364 3971 1445 4028 theils
1465 4038 1470 4043 ,

140 4061 183 4117 eiu
198 4060 314 4117 Zeiclren
325 4061 443 4132 heiligen
455 4060 570 4131 Frende,
585 4058 664 4116 tlreils
680 4058 741 4115 eine
755 4057 961 4128 Auiiorderung
972 4075 1006 4112 an
1017 4056 1061 4112 die
1073 4055 1229 4128 Gemeinde,
1240 4058 1293 4113 den
1305 4058 1346 4112 ilrr
1361 4056 1444 4110 leien-

139 4144 193 4200 liclr
216 4145 415 4216 vorgestellten
431 4145 592 4202 Oberhirten
614 4145 654 4200 als
668 4144 769 4214 willige
785 4143 893 4199 lleerde
907 4160 939 4198 nu
953 4142 1059 4212 liebeu,
1080 4159 1113 4198 nu
1128 4143 1211 4197 ehreu
1225 4141 1279 4196 und
1293 4140 1383 4196 sciner
1396 4142 1444 4195 vd-

139 4230 271 4286 terlichen
285 4231 401 4300 leituug
411 4230 499 4302 vdllig
510 4229 564 4294 und
576 4230 623 4285 mit
632 4226 915 4284 Friedeusuuversicht
926 4227 983 4285 sicli
993 4245 1027 4282 nn
1038 4227 1206 4297 iibergeben

202 4310 230 4390 l)
254 4313 367 4371 Constit.
382 4314 482 4387 Apost,
498 4313 525 4386 8,
546 4316 572 4370 5.
597 4304 788 4372 diocesaneus
811 4333 827 4372 o
819 4307 1068 4414 χειροτονηθεὶς
1087 4305 1144 4392 τήν
1165 4304 1322 4384 ἐκκλησίαν
1340 4302 1443 4385 λέγων

137 4391 266 4502 ngdptg
285 4401 340 4458 τοῦ
365 4395 525 4480 Koplov‘
502 4395 591 4476 appuis
611 4391 717 4474 Ἰησοῦ
738 4392 936 4474 Xptotod,‘
914 4419 934 4472 η
959 4389 1061 4495 ἀγάπη
1081 4396 1136 4454 τοῦ
1158 4393 1238 4452 Θεοῦ
1259 4393 1314 4451 ccci
1332 4386 1445 4466 πατρὸς

138 4479 191 4540 καὶ
211 4503 231 4557 η
224 4467 399 4543 ’κοινωνία
419 4485 475 4544 τοῦ
496 4479 603 4586 <tipiceu
608 4475 780 4582 cvedparog
801 4476 873 4558 pecc}
894 4474 1018 4542 πάντων
1040 4472 1135 4556 νμῶν
1162 4472 1212 4536 nol
1234 4470 1343 4547 πάντες
1366 4496 1444 4536 απο-

137 4562 363 4644 κρινέσθωσαν.·
385 4565 437 4629 καὶ
454 4589 527 4646 μετα
548 4589 602 4628 του
621 4559 794 4644 πνεύματός
812 4582 876 4626 σου.
972 4629 973 4633 ,
