3202 5176
735 356 809 428 225

109 542 196 615 catis
222 541 349 616 nostris
376 549 411 613 et
441 540 483 612 ab
507 542 598 612 omni
622 545 789 616 servitute
816 540 1004 616 saecularis
1032 539 1164 613 habitus
1191 538 1254 614 bos
1278 537 1426 614 famulos

106 643 374 717 tuosemunda:
395 653 445 735 ut,
468 644 546 715 dum
566 647 786 737 ignominiam
809 644 997 719 saecularis
1018 642 1151 717 habitus
1165 641 1352 736 deponunt,
1367 653 1425 723 tue

62 791 69 797 ·
108 767 247 841 semper
266 749 302 818 in
320 768 446 818 aevum
472 749 582 839 gratia
608 745 846 843 perfruantur:
872 756 909 818 ut
934 749 1020 821 'sicut
1047 743 1300 820 similitudinem
1326 764 1429 816 coro-·

108 869 176 919 nae
206 856 287 920 tuae
317 870 379 922 eos
405 859 545 941 gestare
576 849 721 923 facimus
745 852 790 937 in
806 849 992 947 capitibus,
1024 850 1074 922 sie
1101 856 1160 918 tua
1177 847 1316 920 ‘virtute
1346 840 1427 918 hae·

108 949 290 1021 reditatem
315 950 487 1098 1subsequi
520 961 716 1025 mereantur
750 961 924 1024 aeternam
954 953 990 1024 in
1021 949 1191 1027 cordibus.
1252 945 1319 1032 Oui
1350 969 1428 1021 cum

110 1051 214 1124 Patre
240 1062 304 1124 eto.
350 1111 356 1124 .

40 1144 46 1153 ⁸
215 1053 430 1226 Deindeisedet
444 1164 476 1225 P.
493 1173 523 1226 et
537 1165 696 1246 alloquitur
714 1183 766 1226 eoa
781 1165 837 1227 sub
855 1166 901 1227 hie
920 1165 1036 1226 verbis:
1059 1152 1138 1225 Filii
1158 1153 1336 1240 carissimi,
1357 1152 1426 1222 aui·

109 1253 330 1329 madvertere
360 1257 514 1349 debetis,
542 1259 635 1353 quod
664 1258 767 1330 hodie
795 1258 837 1329 de
864 1257 942 1330 foro
975 1257 1146 1331 ecclesiae
1172 1254 1255 1326 facti
1281 1255 1364 1326 estis
1394 1250 1429 1324 et'

19 1413 26 1423 ,
108 1358 293 1454 privilegia
314 1361 488 1432 clericalia
510 1364 622 1435 sortiti
650 1364 752 1435 estis:
782 1370 905 1432 cavete
926 1363 1048 1452 igitur,
1075 1381 1119 1430 ne
1140 1366 1282 1453 propter
1309 1354 1429 1450 culpas

107 1468 245 1535 vestras
279 1461 338 1533 illa
370 1463 523 1558 perdatis
555 1473 589 1534 et
622 1464 738 1536 habitu
770 1463 916 1536 honesto
951 1462 1120 1556 bonisque
1157 1457 1310 1533 moribus
1350 1455 1428 1527 Deo

107 1560 250 1658 placere
276 1564 451 1638 studeatis.
506 1561 607 1648 Quod
635 1568 710 1662 ipse
736 1564 837 1637 vobis
866 1564 1034 1637 concedat
1061 1557 1313 1659 perspiritum
1342 1554 1429 1632 san-

107 1672 201 1738 ctum
220 1687 328 1741 suum.
381 1670 424 1759 It.
452 1662 621 1762 Amen2).
1422 1700 1426 1709 ·

412 1836 471 1908 De
501 1834 795 1907 Ordinatione
823 1832 1126 1908 Ostiariorum.
1239 1812 1242 1823 ’

150 2017 155 2025 ›
212 1975 407 2059 Prosequitur
429 1981 463 2044 P.
484 1980 603 2042 Missam
630 1979 844 2061 pontificalem:
873 1976 993 2038 Cantata
1013 1977 1106 2057 prima
1127 1970 1259 2036 Oollecta
1282 1957 1318 2032 et¹
1336 1971 1429 2051 prima

111 2076 271 2158 Lectione,
294 2082 380 2149 sedet
400 2083 505 2144 iterum
526 2084 556 2142 in
580 2082 757 2145 faldistorio.
792 2081 827 2141 Α.
846 2090 934 2141 vocat
954 2078 1150 2154 ordinandos,
1171 2075 1287 2136 dicens:
1315 2064 1430 2136 Acce-

20 2257 26 2263 ·
112 2170 193 2244 dant
213 2168 278 2267 qui
290 2175 469 2246 ordinandi
488 2183 567 2249 sunt
587 2175 630 2246 ad
652 2173 802 2246 officium
820 2168 1054 2247 Ostiaricrum.
1087 2179 1239 2240 Vocantur
1256 2184 1285 2239 et
1304 2193 1428 2256 respon·

109 2281 181 2345 dent
196 2292 227 2345 nt
241 2284 426 2347 Tonsurandi
439 2305 468 2366 p.
483 2282 556 2346 223.
792 2279 794 2282 ’
914 2280 915 2285 ’

215 2385 357 2448 Omnibus
371 2388 401 2447 in
416 2387 642 2468 superpelliceis
658 2404 722 2445 cum
736 2385 866 2447 candelis
876 2387 905 2445 in
921 2383 1055 2445 manibus
1070 2400 1168 2443 coram
1179 2379 1322 2461 pontilice
1336 2397 1428 2457 genu·

109 2485 209 2567 dexia,
226 2488 259 2550 P.
274 2489 412 2551 admonet
425 2489 494 2551 illos
509 2489 626 2550 dicens:
647 2475 861 2574 suscepturi,
875 2477 934 2576 filii
949 2476 1129 2564 carissimi,
1152 2472 1301 2546 officium
1317 2469 1429 2546 Ostia-

172 2687 202 2769 1)
216 2691 303 2749 Minus
312 2694 407 2766 placet
423 2695 492 2766 baec
504 2693 627 2752 collecta
644 2700 759 2767 propter
775 2692 924 2750 saecularis
943 2693 1016 2750 vitae
1034 2693 1215 2760 contemptum
1231 2691 1312 2756 etque
1331 2687 1427 2770 contu-

108 2776 222 2834 maciam
234 2778 337 2835 illatam
346 2779 434 2836 laicis.
454 2779 649 2852 Antiquissima
661 2777 743 2836 sedes
755 2778 893 2835 Orationis
907 2786 950 2835 est
961 2776 1056 2834 Codex
1070 2790 1143 2832 saec.
1154 2771 1188 2832 X.
1201 2769 1272 2842 apud
1286 2764 1427 2825 tlorinum.

171 2858 202 2937 2)
218 2863 348 2921 Binterim
370 2866 486 2922 Oenkw.
503 2866 530 2936 l,
553 2867 580 2919 1.
594 2881 620 2937 p.
633 2863 701 2940 2773
730 2864 780 2935 „ln
798 2860 981 2919 Deutsehland
997 2861 1104 2918 scheint
1122 2857 1183 2913 eine
1200 2852 1443 2923 llandaullegung¹

48 2963 52 2968 ·
107 2945 200 3002 ublich
214 2964 346 3018 genesen
363 2966 397 3006 au
409 2951 484 3021 sein,
502 2948 593 3005 indam
611 2949 673 3006 eine
685 2947 796 3018 Synode
815 2964 868 3004 von
881 2947 1039 3004 Trier1310
1056 2942 1177 3011 babebit,
1197 2938 1260 2996 dass
1271 2937 1368 2993 keiner
1382 2935 1428 2993 die

109 3031 214 3090 Tonsor
225 3039 323 3108 trageu
333 3035 396 3106 soll,
408 3035 496 3092 bever
507 3034 561 3090 ihm
576 3033 620 3091 die
631 3033 875 3104 Hdndeaullegnng
890 3033 944 3088 und
956 3033 1006 3088 der
1017 3024 1269 3087 sacramentaliscbe
1281 3021 1374 3092 Sagen
1385 3017 1428 3077 sei

109 3110 221 3173 ertbeilt
237 3118 363 3180 worden.
392 3121 447 3176 Das
468 3119 711 3177 sacramentarium
730 3117 895 3174 Gallicanum
915 3113 1066 3194 (liabillon
1075 3114 1195 3169 bluseum
1213 3108 1272 3167 ltal.
1286 3106 1307 3176 l,
1320 3122 1346 3176 p.
1359 3098 1426 3183 389)
1534 3122 1545 3138 ‘

108 3200 184 3257 lubrt
195 3202 257 3258 eine
267 3203 548 3261 solebeBenediction
558 3221 609 3276 an,
621 3203 711 3261 werin
724 3204 793 3259 anob
808 3202 852 3258 die
864 3200 939 3258 liade
952 3217 1006 3257 von
1019 3199 1096 3256 einer
1107 3196 1227 3264 Salbung
1240 3187 1428 3267 ιιιιὶιιιιιιιιιιέ-6

110 3286 233 3359 Respicit
249 3287 300 3344 Vir
318 3289 421 3346 Doctus
438 3289 473 3345 ad
488 3290 632 3347 verba-
649 3319 686 3330 —
707 3287 829 3344 manda
847 3289 939 3364 Deus
958 3281 1246 3341 benedictionem
1267 3281 1300 3332 et
1322 3273 1439 3415 vm&

10 3378 16 3389 ·
109 3372 245 3427 lamule
260 3379 337 3444 tuo,
356 3379 392 3430 ut
410 3381 640 3447 unguentum,
661 3372 752 3446 quod
776 3370 969 3429 descendit
988 3370 1021 3426 in
1044 3366 1161 3440 eapite
1176 3360 1264 3451 etin
1285 3358 1394 3415 barba
1427 3436 1429 3441 ,

14 3458 17 3464 '
109 3455 917 3528 illiusAaron‚totomaneatetincorpore.
955 3454 1082 3511 Atvero
1105 3441 1427 3516 euminipsopsabqo

109 3544 275 3609 unguentum
289 3543 475 3614 metaphorice
488 3549 644 3615 usurpatum
661 3542 706 3613 sit,
718 3543 789 3598 bene
804 3542 833 3596 in
849 3541 901 3598 bae
913 3538 1040 3596 oratione
1051 3549 1159 3608 quoque
1169 3536 1264 3603 potest
1278 3527 1425 3598 designare

108 3622 329 3680 benedictionem
347 3625 546 3698 episcopalem,
565 3643 617 3698 qua
635 3627 713 3698 qnasi
728 3624 920 3695 irriganturet
940 3614 1269 3690 imbuuntur-Ordinandi.
1303 3611 1425 3696 Optimus

108 3708 263 3767 sententiae
274 3718 385 3767 nostrae
397 3709 498 3767 vindex
515 3718 558 3768 eat
570 3711 666 3768 Oodex
679 3710 708 3768 S.
720 3709 843 3768 Victoris
853 3726 926 3767 saec.
937 3707 996 3764 ΧΠ.
1009 3706 1080 3780 apud
1093 3701 1235 3759 Morinum.
1262 3699 1350 3770 „Dum
1360 3698 1425 3769 ton-¹

108 3793 158 3851 des
170 3809 231 3867 eum
247 3793 322 3851 dicas
336 3795 534 3868 Antiphonem:
554 3796 630 3854 Sicut
644 3811 691 3853 ros
708 3796 838 3865 Hermon,
854 3794 899 3866 qui
910 3790 1090 3848 descenditiu
1101 3787 1183 3857 Sion,
1199 3785 1251 3843 sic
1270 3783 1423 3840 descen·
1516 3848 1517 3853 η

109 3876 167 3937 dat
185 3895 289 3952 super
306 3887 340 3937 te
357 3881 562 3938 benedictio
580 3881 651 3938 Dei.
683 3880 718 3938 Et
731 3879 802 3936 inira
816 3909 852 3920 -
866 3909 909 3919 --
920 3875 1027 3934 effunde
1039 3888 1193 3948 supereum
1206 3867 1424 3926 benedictionem

109 3964 270 4036 taumatia
286 3973 366 4039 caput
377 3966 543 4039 barbamque
555 3967 614 4024 eius
627 3972 750 4023 transeat
765 3964 859 4022 sient
874 3967 1107 4034 unguentum,
1124 3954 1214 4033 quod
1234 3949 1425 4035 descendit

106 4047 142 4104 iu
164 4048 307 4106 barbam
326 4051 505 4112 Aaron.--
519 4051 601 4124 Apud
620 4050 746 4123 antiquos
768 4064 841 4106 novo
866 4048 969 4105 clerieo
990 4045 1154 4103 tondebatur
1174 4047 1285 4115 praeter
1309 4034 1423 4120 capillos

107 4131 205 4205 capitis
225 4135 311 4204 barba
331 4150 453 4208 quoque:
475 4135 576 4194 videin
593 4135 716 4210 plurimis
733 4133 811 4191 libris
830 4133 1026 4191 Orationes
1042 4130 1082 4188 ad
1098 4127 1246 4185 barbam
1264 4118 1422 4214 tonden-

106 4215 180 4273 dam
191 4220 235 4276 vel
250 4228 337 4292 post
353 4237 436 4278 rasa
446 4237 472 4275 n
490 4222 631 4277 barbam
646 4238 670 4278 e.
683 4238 712 4292 g.
727 4219 755 4275 in
770 4210 881 4276 codice*
891 4215 1101 4288 Rotomagenai:
1124 4214 1207 4280 Deus,
1219 4207 1264 4280 qui
1275 4202 1421 4298 ecelesiam

106 4307 184 4357 tuanr
202 4318 276 4360 novo
296 4322 405 4378 semper
423 4306 499 4362 foetu
520 4305 698 4378 multiplicas,
723 4304 846 4361 concede
865 4303 966 4361 lamule
983 4309 1030 4359 tuo
1044 4301 1087 4371 N,
1102 4297 1148 4370 qui
1171 4290 1255 4350 divim
1275 4289 1381 4384 timoris
1393 4291 1421 4342 et

105 4385 207 4442 amoris
230 4387 358 4449 instinctu
379 4391 518 4448 exteriora
532 4391 683 4465 pubertatis
706 4388 836 4461 abscidit,
856 4395 885 4446 ut
902 4396 1009 4444 tuorum
1025 4383 1142 4442 omnium
1158 4377 1419 4468 Sanctorum'mter-

104 4469 275 4528 venientibus
289 4476 402 4546 meritis,
417 4476 507 4533 carnis
518 4475 693 4549 petulantiam
710 4490 765 4532 non
781 4476 870 4531 solum
888 4474 1064 4540 verbotenus,
1081 4465 1131 4523 sed
1143 4461 1235 4517 intima
1247 4456 1338 4514 cordis
1351 4469 1420 4511 ccu-

101 4553 218 4611 ssicnlir
230 4571 411 4630 perseverans
423 4560 643 4636 conversatiope,
655 4568 683 4618 te
694 4577 755 4620 eum
765 4561 865 4634 ubique
874 4556 1059 4633 praecedente
1070 4557 1097 4607 et
1107 4548 1299 4617 subsequente,
1310 4540 1420 4621 calcare

102 4645 131 4696 et
145 4644 331 4718 conmanere,
341 4645 424 4704 vitam
435 4637 570 4707 mereator
581 4653 728 4707 aeternam.
1163 4712 1210 4785 15
1251 4644 1257 4653 '
1337 4640 1356 4657 ’·
1390 4631 1398 4643 ”
