<?xml version="1.0" encoding="UTF-8"?>
<!DOCTYPE html PUBLIC "-//W3C//DTD XHTML 1.0 Transitional//EN"
    "http://www.w3.org/TR/xhtml1/DTD/xhtml1-transitional.dtd">
<html xmlns="http://www.w3.org/1999/xhtml" xml:lang="en" lang="en">
 <head>
  <title>
</title>
<meta http-equiv="Content-Type" content="text/html;charset=utf-8" />
  <meta name='ocr-system' content='tesseract 3.04.00' />
  <meta name='ocr-capabilities' content='ocr_page ocr_carea ocr_par ocr_line ocrx_word'/>
</head>
<body>
  <div class='ocr_page' id='page_1' title='image "./codexliturgicus02danigoog_0192.png"; bbox 0 0 3202 5176; ppageno 0'>
   <div class='ocr_carea' id='block_1_1' title="bbox 771 372 915 483">
    <p class='ocr_par' dir='ltr' id='par_1_1' title="bbox 771 372 915 483">
     <span class='ocr_line' id='line_1_1' title="bbox 771 372 915 483; baseline 0.007 -45"><span class='ocrx_word' id='word_1_1' title='bbox 771 372 840 439; x_wconf 89' lang='lat'>161</span> <span class='ocrx_word' id='word_1_2' title='bbox 878 380 915 483; x_wconf 30' lang='grc' dir='ltr'>Ἰ</span> 
     </span>
    </p>
   </div>
   <div class='ocr_carea' id='block_1_2' title="bbox 89 561 1519 3813">
    <p class='ocr_par' dir='ltr' id='par_1_2' title="bbox 144 561 1462 1031">
     <span class='ocr_line' id='line_1_2' title="bbox 144 561 1462 643; baseline 0.005 -19"><span class='ocrx_word' id='word_1_3' title='bbox 144 563 249 624; x_wconf 78' lang='lat' dir='ltr'><strong>tussim</strong></span> <span class='ocrx_word' id='word_1_4' title='bbox 265 562 392 624; x_wconf 83' lang='lat' dir='ltr'>aliamve</span> <span class='ocrx_word' id='word_1_5' title='bbox 411 561 682 624; x_wconf 83' lang='lat' dir='ltr'>similemmorbnm</span> <span class='ocrx_word' id='word_1_6' title='bbox 696 561 793 643; x_wconf 89' lang='lat' dir='ltr'>aliqua</span> <span class='ocrx_word' id='word_1_7' title='bbox 806 563 975 628; x_wconf 74' lang='lat' dir='ltr'>indecentia</span> <span class='ocrx_word' id='word_1_8' title='bbox 997 584 1061 627; x_wconf 94' lang='lat' dir='ltr'>cnm</span> <span class='ocrx_word' id='word_1_9' title='bbox 1074 566 1180 628; x_wconf 87' lang='lat' dir='ltr'>iniuria</span> <span class='ocrx_word' id='word_1_10' title='bbox 1192 567 1266 629; x_wconf 91' lang='lat' dir='ltr'>tanti</span> <span class='ocrx_word' id='word_1_11' title='bbox 1280 567 1462 631; x_wconf 86' lang='lat' dir='ltr'>Sacramenti</span> 
     </span>
     <span class='ocr_line' id='line_1_3' title="bbox 145 651 1462 748; baseline 0.005 -23"><span class='ocrx_word' id='word_1_12' title='bbox 145 667 243 726; x_wconf 90' lang='lat' dir='ltr'>timeri</span> <span class='ocrx_word' id='word_1_13' title='bbox 268 651 417 745; x_wconf 80' lang='lat' dir='ltr'>potestl).</span> <span class='ocrx_word' id='word_1_14' title='bbox 459 662 574 725; x_wconf 79' lang='lat' dir='ltr'>Ceteris</span> <span class='ocrx_word' id='word_1_15' title='bbox 590 672 693 725; x_wconf 87' lang='lat' dir='ltr'>autem</span> <span class='ocrx_word' id='word_1_16' title='bbox 710 665 854 744; x_wconf 80' lang='lat' dir='ltr'>infirmis,</span> <span class='ocrx_word' id='word_1_17' title='bbox 878 670 927 748; x_wconf 88' lang='lat' dir='ltr'>qni</span> <span class='ocrx_word' id='word_1_18' title='bbox 951 668 989 729; x_wconf 92' lang='lat' dir='ltr'>ob</span> <span class='ocrx_word' id='word_1_19' title='bbox 1016 668 1205 731; x_wconf 84' lang='lat' dir='ltr'>devotionem</span> <span class='ocrx_word' id='word_1_20' title='bbox 1224 672 1255 730; x_wconf 93' lang='lat' dir='ltr'>iu</span> <span class='ocrx_word' id='word_1_21' title='bbox 1275 672 1462 748; x_wconf 81' lang='lat' dir='ltr'>aegritudine</span> 
     </span>
     <span class='ocr_line' id='line_1_4' title="bbox 145 764 1461 853; baseline 0.004 -25"><span class='ocrx_word' id='word_1_22' title='bbox 145 769 380 843; x_wconf 86' lang='lat' dir='ltr'>communicant,</span> <span class='ocrx_word' id='word_1_23' title='bbox 397 764 490 826; x_wconf 87' lang='lat' dir='ltr'>danda</span> <span class='ocrx_word' id='word_1_24' title='bbox 506 777 552 828; x_wconf 92' lang='lat' dir='ltr'>est</span> <span class='ocrx_word' id='word_1_25' title='bbox 563 766 747 829; x_wconf 84' lang='lat' dir='ltr'>Eucharistia</span> <span class='ocrx_word' id='word_1_26' title='bbox 760 779 829 830; x_wconf 88' lang='lat' dir='ltr'>ante</span> <span class='ocrx_word' id='word_1_27' title='bbox 845 787 961 830; x_wconf 91' lang='lat' dir='ltr'>omnem</span> <span class='ocrx_word' id='word_1_28' title='bbox 979 772 1076 832; x_wconf 88' lang='lat' dir='ltr'>cibum</span> <span class='ocrx_word' id='word_1_29' title='bbox 1097 780 1128 832; x_wconf 92' lang='lat' dir='ltr'>et</span> <span class='ocrx_word' id='word_1_30' title='bbox 1147 780 1266 853; x_wconf 92' lang='lat' dir='ltr'>potum,</span> <span class='ocrx_word' id='word_1_31' title='bbox 1291 790 1351 833; x_wconf 92' lang='lat' dir='ltr'>nou</span> <span class='ocrx_word' id='word_1_32' title='bbox 1376 773 1461 834; x_wconf 88' lang='lat' dir='ltr'>aliter</span> 
     </span>
     <span class='ocr_line' id='line_1_5' title="bbox 144 867 1461 955; baseline 0.005 -26"><span class='ocrx_word' id='word_1_33' title='bbox 144 887 182 929; x_wconf 89' lang='lat' dir='ltr'>ac</span> <span class='ocrx_word' id='word_1_34' title='bbox 207 870 318 929; x_wconf 89' lang='lat' dir='ltr'>ceteris</span> <span class='ocrx_word' id='word_1_35' title='bbox 343 867 498 945; x_wconf 85' lang='lat' dir='ltr'>fidelibus,</span> <span class='ocrx_word' id='word_1_36' title='bbox 527 868 634 948; x_wconf 86' lang='lat' dir='ltr'>quibus</span> <span class='ocrx_word' id='word_1_37' title='bbox 662 886 719 929; x_wconf 92' lang='lat' dir='ltr'>nec</span> <span class='ocrx_word' id='word_1_38' title='bbox 743 872 830 932; x_wconf 91' lang='lat' dir='ltr'>etiam</span> <span class='ocrx_word' id='word_1_39' title='bbox 861 890 915 952; x_wconf 90' lang='lat' dir='ltr'>per</span> <span class='ocrx_word' id='word_1_40' title='bbox 940 873 1057 933; x_wconf 92' lang='lat' dir='ltr'>modum</span> <span class='ocrx_word' id='word_1_41' title='bbox 1080 873 1243 935; x_wconf 81' lang='lat' dir='ltr'>medicinae</span> <span class='ocrx_word' id='word_1_42' title='bbox 1264 882 1332 935; x_wconf 90' lang='lat' dir='ltr'>ante</span> <span class='ocrx_word' id='word_1_43' title='bbox 1351 875 1461 955; x_wconf 86' lang='lat' dir='ltr'>aliquid</span> 
     </span>
     <span class='ocr_line' id='line_1_6' title="bbox 144 969 389 1031; baseline -0.004 0"><span class='ocrx_word' id='word_1_44' title='bbox 144 988 263 1031; x_wconf 89' lang='lat' dir='ltr'>sumere</span> <span class='ocrx_word' id='word_1_45' title='bbox 276 969 389 1030; x_wconf 91' lang='lat' dir='ltr'>licebit.</span> 
     </span>
    </p>

    <p class='ocr_par' dir='ltr' id='par_1_3' title="bbox 144 1071 1461 1238">
     <span class='ocr_line' id='line_1_7' title="bbox 187 1071 1461 1158; baseline 0.006 -27"><span class='ocrx_word' id='word_1_46' title='bbox 187 1108 195 1122; x_wconf 90' lang='lat'><strong>·</strong></span> <span class='ocrx_word' id='word_1_47' title='bbox 248 1071 307 1132; x_wconf 90' lang='lat' dir='ltr'>Sed</span> <span class='ocrx_word' id='word_1_48' title='bbox 323 1072 410 1132; x_wconf 91' lang='lat' dir='ltr'>alicui</span> <span class='ocrx_word' id='word_1_49' title='bbox 424 1071 460 1132; x_wconf 88' lang='lat' dir='ltr'>ad</span> <span class='ocrx_word' id='word_1_50' title='bbox 474 1071 654 1133; x_wconf 90' lang='lat' dir='ltr'>adorandum</span> <span class='ocrx_word' id='word_1_51' title='bbox 667 1072 762 1134; x_wconf 91' lang='lat' dir='ltr'>solum</span> <span class='ocrx_word' id='word_1_52' title='bbox 776 1093 830 1136; x_wconf 89' lang='lat' dir='ltr'>seu</span> <span class='ocrx_word' id='word_1_53' title='bbox 845 1074 1013 1136; x_wconf 89' lang='lat' dir='ltr'>devotionis</span> <span class='ocrx_word' id='word_1_54' title='bbox 1032 1094 1086 1136; x_wconf 91' lang='lat' dir='ltr'>seu</span> <span class='ocrx_word' id='word_1_55' title='bbox 1101 1076 1230 1138; x_wconf 81' lang='lat' dir='ltr'>cuiusvis</span> <span class='ocrx_word' id='word_1_56' title='bbox 1245 1079 1288 1138; x_wconf 91' lang='lat' dir='ltr'>rei</span> <span class='ocrx_word' id='word_1_57' title='bbox 1303 1087 1461 1158; x_wconf 85' lang='lat' dir='ltr'>praetextu</span> 
     </span>
     <span class='ocr_line' id='line_1_8' title="bbox 144 1172 1106 1238; baseline 0.004 -4"><span class='ocrx_word' id='word_1_58' title='bbox 144 1172 181 1234; x_wconf 92' lang='lat' dir='ltr'>ad</span> <span class='ocrx_word' id='word_1_59' title='bbox 196 1172 410 1235; x_wconf 90' lang='lat' dir='ltr'>ostendendum</span> <span class='ocrx_word' id='word_1_60' title='bbox 426 1192 486 1234; x_wconf 91' lang='lat' dir='ltr'>non</span> <span class='ocrx_word' id='word_1_61' title='bbox 502 1175 662 1236; x_wconf 84' lang='lat' dir='ltr'>deleratur.</span> <span class='ocrx_word' id='word_1_62' title='bbox 1103 1234 1106 1238; x_wconf 86' lang='lat'><em>.</em></span> 
     </span>
    </p>

    <p class='ocr_par' dir='ltr' id='par_1_4' title="bbox 142 1276 1461 1668">
     <span class='ocr_line' id='line_1_9' title="bbox 247 1276 1460 1360; baseline 0.004 -24"><span class='ocrx_word' id='word_1_63' title='bbox 247 1276 366 1337; x_wconf 85' lang='lat' dir='ltr'>Delerri</span> <span class='ocrx_word' id='word_1_64' title='bbox 380 1284 476 1337; x_wconf 90' lang='lat' dir='ltr'>autem</span> <span class='ocrx_word' id='word_1_65' title='bbox 498 1277 589 1338; x_wconf 89' lang='lat' dir='ltr'>debet</span> <span class='ocrx_word' id='word_1_66' title='bbox 603 1278 807 1340; x_wconf 88' lang='lat' dir='ltr'>bocsaactum</span> <span class='ocrx_word' id='word_1_67' title='bbox 826 1278 1046 1340; x_wconf 83' lang='lat' dir='ltr'>Sacramentum</span> <span class='ocrx_word' id='word_1_68' title='bbox 1068 1280 1105 1340; x_wconf 90' lang='lat' dir='ltr'>ab</span> <span class='ocrx_word' id='word_1_69' title='bbox 1128 1280 1255 1341; x_wconf 87' lang='lat' dir='ltr'>ccclesia</span> <span class='ocrx_word' id='word_1_70' title='bbox 1274 1278 1310 1341; x_wconf 97' lang='lat' dir='ltr'>ad</span> <span class='ocrx_word' id='word_1_71' title='bbox 1331 1281 1460 1360; x_wconf 88' lang='lat' dir='ltr'>privatas</span> 
     </span>
     <span class='ocr_line' id='line_1_10' title="bbox 143 1376 1461 1467; baseline 0.003 -29"><span class='ocrx_word' id='word_1_72' title='bbox 143 1381 362 1456; x_wconf 74' lang='lat' dir='ltr'>aegrotantium</span> <span class='ocrx_word' id='word_1_73' title='bbox 382 1378 486 1440; x_wconf 89' lang='lat' dir='ltr'>domos</span> <span class='ocrx_word' id='word_1_74' title='bbox 508 1376 757 1459; x_wconf 86' lang='lat' dir='ltr'>decenti&#39;babitu,</span> <span class='ocrx_word' id='word_1_75' title='bbox 780 1383 971 1462; x_wconf 88' lang='lat' dir='ltr'>superposito</span> <span class='ocrx_word' id='word_1_76' title='bbox 993 1382 1100 1467; x_wconf 89' lang='lat' dir='ltr'>mundo</span> <span class='ocrx_word' id='word_1_77' title='bbox 1116 1383 1282 1460; x_wconf 89' lang='lat' dir='ltr'>velamine,</span> <span class='ocrx_word' id='word_1_78' title='bbox 1304 1383 1461 1444; x_wconf 81' lang='lat' dir='ltr'>manifeste</span> 
     </span>
     <span class='ocr_line' id='line_1_11' title="bbox 143 1481 1461 1564; baseline 0.002 -23"><span class='ocrx_word' id='word_1_79' title='bbox 143 1489 233 1560; x_wconf 89' lang='lat' dir='ltr'>atque</span> <span class='ocrx_word' id='word_1_80' title='bbox 247 1481 430 1559; x_wconf 88' lang='lat' dir='ltr'>honorilice,</span> <span class='ocrx_word' id='word_1_81' title='bbox 451 1490 520 1543; x_wconf 91' lang='lat' dir='ltr'>ante</span> <span class='ocrx_word' id='word_1_82' title='bbox 537 1491 722 1564; x_wconf 91' lang='lat' dir='ltr'>pectuscum</span> <span class='ocrx_word' id='word_1_83' title='bbox 740 1484 819 1544; x_wconf 90' lang='lat' dir='ltr'>omni</span> <span class='ocrx_word' id='word_1_84' title='bbox 834 1485 1003 1546; x_wconf 85' lang='lat' dir='ltr'>reverentia</span> <span class='ocrx_word' id='word_1_85' title='bbox 1018 1493 1048 1546; x_wconf 94' lang='lat' dir='ltr'>et</span> <span class='ocrx_word' id='word_1_86' title='bbox 1062 1485 1187 1563; x_wconf 91' lang='lat' dir='ltr'>timore,</span> <span class='ocrx_word' id='word_1_87' title='bbox 1210 1503 1330 1564; x_wconf 80' lang='lat' dir='ltr'>semper</span> <span class='ocrx_word' id='word_1_88' title='bbox 1350 1484 1461 1545; x_wconf 93' lang='lat' dir='ltr'>lumine</span> 
     </span>
     <span class='ocr_line' id='line_1_12' title="bbox 142 1581 1359 1668; baseline 0.003 -27"><span class='ocrx_word' id='word_1_89' title='bbox 142 1581 354 1662; x_wconf 85' lang='lat' dir='ltr'>praecedente.</span> <span class='ocrx_word' id='word_1_90' title='bbox 1351 1656 1359 1668; x_wconf 44' lang='lat'>‚</span> 
     </span>
    </p>

    <p class='ocr_par' dir='ltr' id='par_1_5' title="bbox 89 1683 1460 2068">
     <span class='ocr_line' id='line_1_13' title="bbox 249 1683 1459 1766; baseline 0.002 -23"><span class='ocrx_word' id='word_1_91' title='bbox 249 1684 399 1744; x_wconf 86' lang='lat' dir='ltr'>Parocbus</span> <span class='ocrx_word' id='word_1_92' title='bbox 414 1684 505 1761; x_wconf 84' lang='lat' dir='ltr'>igitur</span> <span class='ocrx_word' id='word_1_93' title='bbox 518 1701 714 1763; x_wconf 90' lang='lat' dir='ltr'>processurus</span> <span class='ocrx_word' id='word_1_94' title='bbox 728 1683 764 1745; x_wconf 90' lang='lat' dir='ltr'>ad</span> <span class='ocrx_word' id='word_1_95' title='bbox 785 1685 1070 1764; x_wconf 90' lang='lat' dir='ltr'>communicandum,</span> <span class='ocrx_word' id='word_1_96' title='bbox 1090 1686 1204 1766; x_wconf 86' lang='lat' dir='ltr'>aliquot</span> <span class='ocrx_word' id='word_1_97' title='bbox 1224 1703 1383 1765; x_wconf 89' lang='lat' dir='ltr'>campanae</span> <span class='ocrx_word' id='word_1_98' title='bbox 1396 1687 1459 1747; x_wconf 92' lang='lat' dir='ltr'>icti·</span> 
     </span>
     <span class='ocr_line' id='line_1_14' title="bbox 141 1773 1459 1866; baseline 0 -20"><span class='ocrx_word' id='word_1_99' title='bbox 141 1785 199 1846; x_wconf 91' lang='lat' dir='ltr'>bus</span> <span class='ocrx_word' id='word_1_100' title='bbox 215 1785 315 1845; x_wconf 90' lang='lat' dir='ltr'>iubeat</span> <span class='ocrx_word' id='word_1_101' title='bbox 328 1787 488 1851; x_wconf 77' lang='lat' dir='ltr'>conuocari</span> <span class='ocrx_word' id='word_1_102' title='bbox 503 1786 711 1866; x_wconf 85' lang='lat' dir='ltr'>parochianos,</span> <span class='ocrx_word' id='word_1_103' title='bbox 726 1805 779 1847; x_wconf 96' lang='grc' dir='ltr'>εει]</span> <span class='ocrx_word' id='word_1_104' title='bbox 795 1773 1066 1848; x_wconf 69' lang='grc' dir='ltr'>εοιιῐιείειιιίιειειι]</span> <span class='ocrx_word' id='word_1_105' title='bbox 1080 1787 1263 1847; x_wconf 82' lang='lat' dir='ltr'>sanctissimi</span> <span class='ocrx_word' id='word_1_106' title='bbox 1277 1788 1459 1849; x_wconf 87' lang='lat' dir='ltr'>Sacramenti</span> 
     </span>
     <span class='ocr_line' id='line_1_15' title="bbox 95 1883 1460 1970; baseline 0.003 -25"><span class='ocrx_word' id='word_1_107' title='bbox 95 1918 102 1927; x_wconf 93' lang='lat'>·</span> <span class='ocrx_word' id='word_1_108' title='bbox 143 1885 211 1964; x_wconf 87' lang='lat' dir='ltr'>(ubi</span> <span class='ocrx_word' id='word_1_109' title='bbox 232 1886 323 1948; x_wconf 88' lang='lat' dir='ltr'>inerit</span> <span class='ocrx_word' id='word_1_110' title='bbox 342 1883 505 1965; x_wconf 87' lang='lat' dir='ltr'>instituta),</span> <span class='ocrx_word' id='word_1_111' title='bbox 528 1906 581 1948; x_wconf 89' lang='grc' dir='ltr'>εει]</span> <span class='ocrx_word' id='word_1_112' title='bbox 603 1887 678 1949; x_wconf 89' lang='lat' dir='ltr'>alios</span> <span class='ocrx_word' id='word_1_113' title='bbox 692 1889 758 1969; x_wconf 90' lang='lat' dir='ltr'>pios</span> <span class='ocrx_word' id='word_1_114' title='bbox 773 1887 882 1950; x_wconf 75' lang='lat' dir='ltr'>Christi</span> <span class='ocrx_word' id='word_1_115' title='bbox 899 1889 1021 1967; x_wconf 87' lang='lat' dir='ltr'>iideles,</span> <span class='ocrx_word' id='word_1_116' title='bbox 1045 1890 1094 1970; x_wconf 88' lang='lat' dir='ltr'>qui</span> <span class='ocrx_word' id='word_1_117' title='bbox 1114 1884 1227 1949; x_wconf 89' lang='lat' dir='ltr'>sacram</span> <span class='ocrx_word' id='word_1_118' title='bbox 1247 1887 1460 1949; x_wconf 85' lang='lat' dir='ltr'>Eucharistiam</span> 
     </span>
     <span class='ocr_line' id='line_1_16' title="bbox 89 1990 1459 2068; baseline 0.005 -25"><span class='ocrx_word' id='word_1_119' title='bbox 89 2036 97 2043; x_wconf 93' lang='lat'>.</span> <span class='ocrx_word' id='word_1_120' title='bbox 142 2007 210 2049; x_wconf 90' lang='lat' dir='ltr'>cum</span> <span class='ocrx_word' id='word_1_121' title='bbox 225 1991 321 2049; x_wconf 88' lang='lat' dir='ltr'>cercis</span> <span class='ocrx_word' id='word_1_122' title='bbox 336 2007 390 2050; x_wconf 90' lang='lat' dir='ltr'>seu</span> <span class='ocrx_word' id='word_1_123' title='bbox 405 1991 556 2050; x_wconf 88' lang='lat' dir='ltr'>intortitiis</span> <span class='ocrx_word' id='word_1_124' title='bbox 576 1992 753 2053; x_wconf 87' lang='lat' dir='ltr'>comitentur</span> <span class='ocrx_word' id='word_1_125' title='bbox 768 2000 798 2052; x_wconf 92' lang='lat' dir='ltr'>et</span> <span class='ocrx_word' id='word_1_126' title='bbox 811 1992 967 2052; x_wconf 89' lang='lat' dir='ltr'>umbellam</span> <span class='ocrx_word' id='word_1_127' title='bbox 987 2010 1040 2052; x_wconf 91' lang='lat' dir='ltr'>seu</span> <span class='ocrx_word' id='word_1_128' title='bbox 1060 1990 1275 2068; x_wconf 85' lang='lat' dir='ltr'>baldachinum,</span> <span class='ocrx_word' id='word_1_129' title='bbox 1291 1991 1341 2051; x_wconf 91' lang='lat' dir='ltr'>ubi</span> <span class='ocrx_word' id='word_1_130' title='bbox 1356 1990 1459 2050; x_wconf 89' lang='lat' dir='ltr'>baberi</span> 
     </span>
    </p>

    <p class='ocr_par' dir='ltr' id='par_1_6' title="bbox 113 2079 1470 2374">
     <span class='ocr_line' id='line_1_17' title="bbox 113 2079 1470 2172; baseline 0.001 -22"><span class='ocrx_word' id='word_1_131' title='bbox 113 2155 117 2159; x_wconf 85' lang='lat'>.</span> <span class='ocrx_word' id='word_1_132' title='bbox 142 2100 255 2171; x_wconf 89' lang='lat' dir='ltr'>potest,</span> <span class='ocrx_word' id='word_1_133' title='bbox 273 2079 457 2152; x_wconf 75' lang='lat' dir='ltr'>deierant²b</span> <span class='ocrx_word' id='word_1_134' title='bbox 480 2092 728 2172; x_wconf 87' lang='lat' dir='ltr'>Praemoncat,ut</span> <span class='ocrx_word' id='word_1_135' title='bbox 741 2095 825 2171; x_wconf 81' lang='lat' dir='ltr'>aegri</span> <span class='ocrx_word' id='word_1_136' title='bbox 840 2094 1003 2154; x_wconf 90' lang='lat' dir='ltr'>cubiculum</span> <span class='ocrx_word' id='word_1_137' title='bbox 1018 2093 1184 2171; x_wconf 90' lang='lat' dir='ltr'>mundetur,</span> <span class='ocrx_word' id='word_1_138' title='bbox 1199 2102 1229 2154; x_wconf 90' lang='lat' dir='ltr'>et</span> <span class='ocrx_word' id='word_1_139' title='bbox 1243 2094 1273 2152; x_wconf 93' lang='lat' dir='ltr'>in</span> <span class='ocrx_word' id='word_1_140' title='bbox 1288 2110 1325 2153; x_wconf 91' lang='lat' dir='ltr'>eo</span> <span class='ocrx_word' id='word_1_141' title='bbox 1339 2102 1470 2172; x_wconf 82' lang='lat' dir='ltr'>perctar-</span> 
     </span>
     <span class='ocr_line' id='line_1_18' title="bbox 142 2190 1460 2276; baseline 0.004 -25"><span class='ocrx_word' id='word_1_142' title='bbox 142 2210 245 2252; x_wconf 89' lang='lat' dir='ltr'>mcnsa</span> <span class='ocrx_word' id='word_1_143' title='bbox 263 2190 355 2255; x_wconf 84' lang='lat' dir='ltr'>linteo</span> <span class='ocrx_word' id='word_1_144' title='bbox 378 2194 485 2256; x_wconf 89' lang='lat' dir='ltr'>mundo</span> <span class='ocrx_word' id='word_1_145' title='bbox 505 2204 668 2276; x_wconf 76' lang='lat' dir='ltr'>cooperta,</span> <span class='ocrx_word' id='word_1_146' title='bbox 691 2197 722 2256; x_wconf 89' lang='lat' dir='ltr'>in</span> <span class='ocrx_word' id='word_1_147' title='bbox 749 2214 805 2276; x_wconf 86' lang='lat' dir='ltr'>qua</span> <span class='ocrx_word' id='word_1_148' title='bbox 828 2196 1049 2259; x_wconf 82' lang='lat' dir='ltr'>sanctissimum</span> <span class='ocrx_word' id='word_1_149' title='bbox 1073 2196 1294 2257; x_wconf 89' lang='lat' dir='ltr'>Sacramentum</span> <span class='ocrx_word' id='word_1_150' title='bbox 1317 2195 1460 2256; x_wconf 90' lang='lat' dir='ltr'>decenter</span> 
     </span>
     <span class='ocr_line' id='line_1_19' title="bbox 146 2293 321 2374; baseline 0.017 -20"><span class='ocrx_word' id='word_1_151' title='bbox 146 2293 321 2374; x_wconf 88' lang='lat' dir='ltr'>deponatur.</span> 
     </span>
    </p>

    <p class='ocr_par' dir='ltr' id='par_1_7' title="bbox 142 2397 1460 2685">
     <span class='ocr_line' id='line_1_20' title="bbox 247 2397 1459 2478; baseline 0.001 -22"><span class='ocrx_word' id='word_1_152' title='bbox 247 2398 390 2456; x_wconf 90' lang='lat' dir='ltr'>Parentur</span> <span class='ocrx_word' id='word_1_153' title='bbox 403 2397 554 2474; x_wconf 84' lang='lat' dir='ltr'>luminaria</span> <span class='ocrx_word' id='word_1_154' title='bbox 569 2416 602 2458; x_wconf 92' lang='lat' dir='ltr'>ac</span> <span class='ocrx_word' id='word_1_155' title='bbox 621 2399 678 2458; x_wconf 94' lang='lat' dir='ltr'>duo</span> <span class='ocrx_word' id='word_1_156' title='bbox 693 2398 824 2474; x_wconf 86' lang='lat' dir='ltr'>vaseula,</span> <span class='ocrx_word' id='word_1_157' title='bbox 836 2398 960 2459; x_wconf 89' lang='lat' dir='ltr'>alterum</span> <span class='ocrx_word' id='word_1_158' title='bbox 975 2416 1039 2458; x_wconf 91' lang='lat' dir='ltr'>cum</span> <span class='ocrx_word' id='word_1_159' title='bbox 1049 2401 1132 2476; x_wconf 87' lang='lat' dir='ltr'>vino,</span> <span class='ocrx_word' id='word_1_160' title='bbox 1150 2400 1274 2460; x_wconf 87' lang='lat' dir='ltr'>alterum</span> <span class='ocrx_word' id='word_1_161' title='bbox 1289 2416 1353 2458; x_wconf 92' lang='lat' dir='ltr'>cum</span> <span class='ocrx_word' id='word_1_162' title='bbox 1368 2415 1459 2478; x_wconf 88' lang='lat' dir='ltr'>aqua;</span> 
     </span>
     <span class='ocr_line' id='line_1_21' title="bbox 142 2497 1460 2580; baseline 0.003 -24"><span class='ocrx_word' id='word_1_163' title='bbox 142 2505 303 2578; x_wconf 77' lang='lat' dir='ltr'>praeterea·</span> <span class='ocrx_word' id='word_1_164' title='bbox 319 2497 442 2558; x_wconf 91' lang='lat' dir='ltr'>linteum</span> <span class='ocrx_word' id='word_1_165' title='bbox 460 2497 596 2558; x_wconf 92' lang='lat' dir='ltr'>mundum</span> <span class='ocrx_word' id='word_1_166' title='bbox 616 2507 685 2557; x_wconf 88' lang='lat' dir='ltr'>unte</span> <span class='ocrx_word' id='word_1_167' title='bbox 705 2507 811 2576; x_wconf 92' lang='lat' dir='ltr'>pectus</span> <span class='ocrx_word' id='word_1_168' title='bbox 827 2499 1059 2560; x_wconf 89' lang='lat' dir='ltr'>communicandi</span> <span class='ocrx_word' id='word_1_169' title='bbox 1074 2510 1217 2580; x_wconf 85' lang='lat' dir='ltr'>ponatur,</span> <span class='ocrx_word' id='word_1_170' title='bbox 1239 2509 1326 2580; x_wconf 88' lang='lat' dir='ltr'>atque</span> <span class='ocrx_word' id='word_1_171' title='bbox 1346 2500 1403 2560; x_wconf 88' lang='lat' dir='ltr'>alia</span> <span class='ocrx_word' id='word_1_172' title='bbox 1422 2499 1460 2560; x_wconf 88' lang='lat' dir='ltr'>ad</span> 
     </span>
     <span class='ocr_line' id='line_1_22' title="bbox 142 2599 1077 2685; baseline -0.003 -23"><span class='ocrx_word' id='word_1_173' title='bbox 142 2608 276 2662; x_wconf 89' lang='lat' dir='ltr'>ornatum</span> <span class='ocrx_word' id='word_1_174' title='bbox 294 2599 744 2680; x_wconf 88' lang='lat' dir='ltr'>lociprocuiusqueiacultate.</span> <span class='ocrx_word' id='word_1_175' title='bbox 802 2665 808 2675; x_wconf 37' lang='lat'><strong>¹</strong></span> <span class='ocrx_word' id='word_1_176' title='bbox 1073 2679 1077 2685; x_wconf 18' lang='grc' dir='ltr'><strong>θ</strong></span> 
     </span>
    </p>

    <p class='ocr_par' dir='ltr' id='par_1_8' title="bbox 111 2692 1459 3600">
     <span class='ocr_line' id='line_1_23' title="bbox 246 2692 1457 2782; baseline 0.001 -22"><span class='ocrx_word' id='word_1_177' title='bbox 246 2701 302 2760; x_wconf 92' lang='lat' dir='ltr'>Ubi</span> <span class='ocrx_word' id='word_1_178' title='bbox 319 2720 392 2763; x_wconf 83' lang='lat' dir='ltr'>vero</span> <span class='ocrx_word' id='word_1_179' title='bbox 408 2704 613 2780; x_wconf 83' lang='lat' dir='ltr'>convenerint,</span> <span class='ocrx_word' id='word_1_180' title='bbox 629 2703 678 2782; x_wconf 88' lang='lat' dir='ltr'>qui</span> <span class='ocrx_word' id='word_1_181' title='bbox 692 2700 906 2762; x_wconf 86' lang='lat' dir='ltr'>Eucharistiam</span> <span class='ocrx_word' id='word_1_182' title='bbox 919 2701 1083 2762; x_wconf 89' lang='lat' dir='ltr'>comitaturi</span> <span class='ocrx_word' id='word_1_183' title='bbox 1098 2692 1325 2778; x_wconf 76' lang='lat' dir='ltr'>sint,&#39;Sacerdos</span> <span class='ocrx_word' id='word_1_184' title='bbox 1338 2699 1457 2761; x_wconf 92' lang='lat' dir='ltr'>indutus</span> 
     </span>
     <span class='ocr_line' id='line_1_24' title="bbox 142 2802 1459 2886; baseline -0.002 -21"><span class='ocrx_word' id='word_1_185' title='bbox 142 2803 364 2886; x_wconf 86' lang='lat' dir='ltr'>superpelliceo</span> <span class='ocrx_word' id='word_1_186' title='bbox 382 2814 413 2864; x_wconf 90' lang='lat' dir='ltr'>et</span> <span class='ocrx_word' id='word_1_187' title='bbox 425 2804 501 2866; x_wconf 88' lang='lat' dir='ltr'>stola</span> <span class='ocrx_word' id='word_1_188' title='bbox 522 2813 551 2865; x_wconf 92' lang='lat' dir='ltr'>et</span> <span class='ocrx_word' id='word_1_189' title='bbox 566 2807 590 2866; x_wconf 94' lang='lat' dir='ltr'>si</span> <span class='ocrx_word' id='word_1_190' title='bbox 605 2804 708 2864; x_wconf 89' lang='lat' dir='ltr'>baberi</span> <span class='ocrx_word' id='word_1_191' title='bbox 723 2813 840 2884; x_wconf 91' lang='lat' dir='ltr'>potest,</span> <span class='ocrx_word' id='word_1_192' title='bbox 863 2804 983 2883; x_wconf 88' lang='lat' dir='ltr'>pluviali</span> <span class='ocrx_word' id='word_1_193' title='bbox 1001 2804 1059 2864; x_wconf 90' lang='lat' dir='ltr'>albi</span> <span class='ocrx_word' id='word_1_194' title='bbox 1083 2802 1211 2880; x_wconf 80' lang='lat' dir='ltr'>colotis,</span> <span class='ocrx_word' id='word_1_195' title='bbox 1232 2803 1387 2879; x_wconf 80' lang='lat' dir='ltr'>Acolytbis</span> <span class='ocrx_word' id='word_1_196' title='bbox 1405 2820 1459 2862; x_wconf 90' lang='lat' dir='ltr'>sen</span> 
     </span>
     <span class='ocr_line' id='line_1_25' title="bbox 144 2900 1458 2986; baseline -0.002 -19"><span class='ocrx_word' id='word_1_197' title='bbox 144 2904 287 2983; x_wconf 76' lang='lat' dir='ltr'>clericis,</span> <span class='ocrx_word' id='word_1_198' title='bbox 309 2914 359 2967; x_wconf 89' lang='lat' dir='ltr'>ant</span> <span class='ocrx_word' id='word_1_199' title='bbox 382 2909 469 2968; x_wconf 87' lang='lat' dir='ltr'>etiam</span> <span class='ocrx_word' id='word_1_200' title='bbox 483 2907 670 2985; x_wconf 76' lang='lat' dir='ltr'>Presbyteris</span> <span class='ocrx_word' id='word_1_201' title='bbox 686 2907 727 2979; x_wconf 83' lang='lat' dir='ltr'>(si</span> <span class='ocrx_word' id='word_1_202' title='bbox 741 2906 825 2967; x_wconf 95' lang='lat' dir='ltr'>locus</span> <span class='ocrx_word' id='word_1_203' title='bbox 839 2905 949 2983; x_wconf 88' lang='lat' dir='ltr'>ieret),</span> <span class='ocrx_word' id='word_1_204' title='bbox 970 2905 1190 2986; x_wconf 90' lang='lat' dir='ltr'>superpelliceo</span> <span class='ocrx_word' id='word_1_205' title='bbox 1211 2906 1322 2986; x_wconf 89' lang='lat' dir='ltr'>pariter</span> <span class='ocrx_word' id='word_1_206' title='bbox 1338 2900 1458 2982; x_wconf 83' lang='lat' dir='ltr'>induitis,</span> 
     </span>
     <span class='ocr_line' id='line_1_26' title="bbox 143 3007 1458 3090; baseline -0.002 -22"><span class='ocrx_word' id='word_1_207' title='bbox 143 3008 287 3069; x_wconf 88' lang='lat' dir='ltr'>decenter</span> <span class='ocrx_word' id='word_1_208' title='bbox 306 3016 339 3069; x_wconf 87' lang='lat' dir='ltr'>et</span> <span class='ocrx_word' id='word_1_209' title='bbox 360 3009 397 3070; x_wconf 88' lang='lat' dir='ltr'>dc</span> <span class='ocrx_word' id='word_1_210' title='bbox 418 3028 501 3071; x_wconf 88' lang='lat' dir='ltr'>more</span> <span class='ocrx_word' id='word_1_211' title='bbox 522 3019 660 3090; x_wconf 85' lang='lat' dir='ltr'>acceptas</span> <span class='ocrx_word' id='word_1_212' title='bbox 675 3009 788 3088; x_wconf 89' lang='lat' dir='ltr'>aliquot</span> <span class='ocrx_word' id='word_1_213' title='bbox 805 3009 962 3088; x_wconf 87' lang='lat' dir='ltr'>particulae</span> <span class='ocrx_word' id='word_1_214' title='bbox 978 3015 1168 3069; x_wconf 87' lang='lat' dir='ltr'>consecretas</span> <span class='ocrx_word' id='word_1_215' title='bbox 1183 3007 1231 3067; x_wconf 87' lang='lat' dir='ltr'>vel</span> <span class='ocrx_word' id='word_1_216' title='bbox 1246 3024 1332 3067; x_wconf 85' lang='lat' dir='ltr'>unam</span> <span class='ocrx_word' id='word_1_217' title='bbox 1347 3015 1458 3067; x_wconf 88' lang='lat' dir='ltr'>tantum</span> 
     </span>
     <span class='ocr_line' id='line_1_27' title="bbox 143 3106 1456 3192; baseline -0.002 -22"><span class='ocrx_word' id='word_1_218' title='bbox 143 3108 185 3184; x_wconf 90' lang='lat' dir='ltr'>(si</span> <span class='ocrx_word' id='word_1_219' title='bbox 198 3110 317 3188; x_wconf 76' lang='lat' dir='ltr'>longius</span> <span class='ocrx_word' id='word_1_220' title='bbox 335 3119 384 3172; x_wconf 87' lang='lat' dir='ltr'>aut</span> <span class='ocrx_word' id='word_1_221' title='bbox 396 3110 546 3172; x_wconf 87' lang='lat' dir='ltr'>diiiicilius</span> <span class='ocrx_word' id='word_1_222' title='bbox 560 3114 618 3172; x_wconf 91' lang='lat' dir='ltr'>iter</span> <span class='ocrx_word' id='word_1_223' title='bbox 631 3113 671 3173; x_wconf 93' lang='lat' dir='ltr'>sit</span> <span class='ocrx_word' id='word_1_224' title='bbox 683 3107 860 3188; x_wconf 81' lang='lat' dir='ltr'>faciendam)</span> <span class='ocrx_word' id='word_1_225' title='bbox 875 3119 966 3192; x_wconf 78' lang='lat' dir='ltr'>ponat</span> <span class='ocrx_word' id='word_1_226' title='bbox 979 3112 1008 3170; x_wconf 93' lang='lat' dir='ltr'>in</span> <span class='ocrx_word' id='word_1_227' title='bbox 1023 3108 1135 3190; x_wconf 85' lang='lat' dir='ltr'>pyxide</span> <span class='ocrx_word' id='word_1_228' title='bbox 1149 3127 1202 3169; x_wconf 90' lang='grc' dir='ltr'>εει]</span> <span class='ocrx_word' id='word_1_229' title='bbox 1217 3127 1307 3189; x_wconf 87' lang='lat' dir='ltr'>parva</span> <span class='ocrx_word' id='word_1_230' title='bbox 1322 3106 1456 3168; x_wconf 91' lang='lat' dir='ltr'>custodia</span> 
     </span>
     <span class='ocr_line' id='line_1_28' title="bbox 142 3196 1457 3295; baseline -0.002 -24"><span class='ocrx_word' id='word_1_231' title='bbox 142 3212 376 3292; x_wconf 70' lang='lat' dir='ltr'>quam&#39;proprio</span> <span class='ocrx_word' id='word_1_232' title='bbox 402 3231 456 3274; x_wconf 92' lang='lat' dir='ltr'>suo</span> <span class='ocrx_word' id='word_1_233' title='bbox 486 3213 628 3295; x_wconf 89' lang='lat' dir='ltr'>operculo</span> <span class='ocrx_word' id='word_1_234' title='bbox 655 3215 792 3295; x_wconf 87' lang='lat' dir='ltr'>cooperit</span> <span class='ocrx_word' id='word_1_235' title='bbox 816 3222 847 3273; x_wconf 91' lang='lat' dir='ltr'>et</span> <span class='ocrx_word' id='word_1_236' title='bbox 869 3213 967 3274; x_wconf 84' lang='lat' dir='ltr'>velum</span> <span class='ocrx_word' id='word_1_237' title='bbox 987 3196 1113 3272; x_wconf 68' lang='lat' dir='ltr'>s&#39;ericum</span> <span class='ocrx_word' id='word_1_238' title='bbox 1132 3211 1363 3291; x_wconf 83' lang='lat' dir='ltr'>superimponit:</span> <span class='ocrx_word' id='word_1_239' title='bbox 1390 3211 1457 3289; x_wconf 87' lang='lat' dir='ltr'>ipso</span> 
     </span>
     <span class='ocr_line' id='line_1_29' title="bbox 111 3310 1456 3396; baseline -0.002 -23"><span class='ocrx_word' id='word_1_240' title='bbox 111 3312 116 3319; x_wconf 84' lang='lat'>&#39;</span> <span class='ocrx_word' id='word_1_241' title='bbox 142 3332 216 3375; x_wconf 86' lang='lat' dir='ltr'>vero</span> <span class='ocrx_word' id='word_1_242' title='bbox 233 3314 380 3377; x_wconf 81' lang='lat' dir='ltr'>Sacerdos</span> <span class='ocrx_word' id='word_1_243' title='bbox 399 3317 539 3396; x_wconf 91' lang='lat' dir='ltr'>imposito</span> <span class='ocrx_word' id='word_1_244' title='bbox 560 3316 616 3376; x_wconf 94' lang='lat' dir='ltr'>sibi</span> <span class='ocrx_word' id='word_1_245' title='bbox 636 3317 717 3396; x_wconf 91' lang='lat' dir='ltr'>prius</span> <span class='ocrx_word' id='word_1_246' title='bbox 734 3315 769 3376; x_wconf 84' lang='lat' dir='ltr'>ab</span> <span class='ocrx_word' id='word_1_247' title='bbox 793 3324 919 3396; x_wconf 89' lang='lat' dir='ltr'>utroque</span> <span class='ocrx_word' id='word_1_248' title='bbox 937 3316 1060 3375; x_wconf 92' lang='lat' dir='ltr'>humero</span> <span class='ocrx_word' id='word_1_249' title='bbox 1080 3313 1215 3390; x_wconf 84' lang='lat' dir='ltr'>oblongo</span> <span class='ocrx_word' id='word_1_250' title='bbox 1237 3313 1306 3374; x_wconf 88' lang='lat' dir='ltr'>velo</span> <span class='ocrx_word' id='word_1_251' title='bbox 1327 3310 1456 3391; x_wconf 91' lang='lat' dir='ltr'>decenti,</span> 
     </span>
     <span class='ocr_line' id='line_1_30' title="bbox 119 3413 1457 3498; baseline -0.001 -23"><span class='ocrx_word' id='word_1_252' title='bbox 119 3425 267 3495; x_wconf 61' lang='lat' dir='ltr'>,utraque</span> <span class='ocrx_word' id='word_1_253' title='bbox 288 3434 375 3478; x_wconf 90' lang='lat' dir='ltr'>manu</span> <span class='ocrx_word' id='word_1_254' title='bbox 393 3420 517 3498; x_wconf 86' lang='lat' dir='ltr'>accipiat</span> <span class='ocrx_word' id='word_1_255' title='bbox 537 3431 590 3479; x_wconf 81' lang='lat' dir='ltr'>ras</span> <span class='ocrx_word' id='word_1_256' title='bbox 606 3437 670 3479; x_wconf 91' lang='lat' dir='ltr'>cum</span> <span class='ocrx_word' id='word_1_257' title='bbox 683 3419 873 3480; x_wconf 88' lang='lat' dir='ltr'>Sacramento</span> <span class='ocrx_word' id='word_1_258' title='bbox 891 3428 921 3479; x_wconf 88' lang='lat' dir='ltr'>et</span> <span class='ocrx_word' id='word_1_259' title='bbox 939 3417 1047 3478; x_wconf 92' lang='lat' dir='ltr'>deinde</span> <span class='ocrx_word' id='word_1_260' title='bbox 1069 3415 1224 3477; x_wconf 86' lang='lat' dir='ltr'>umbellam</span> <span class='ocrx_word' id='word_1_261' title='bbox 1238 3431 1293 3474; x_wconf 90' lang='lat' dir='ltr'>sen</span> <span class='ocrx_word' id='word_1_262' title='bbox 1310 3413 1457 3475; x_wconf 83' lang='lat' dir='ltr'>baldachi-</span> 
     </span>
     <span class='ocr_line' id='line_1_31' title="bbox 142 3517 771 3600; baseline 0.005 -23"><span class='ocrx_word' id='word_1_263' title='bbox 142 3535 212 3577; x_wconf 91' lang='lat' dir='ltr'>num</span> <span class='ocrx_word' id='word_1_264' title='bbox 225 3517 342 3593; x_wconf 84' lang='lat' dir='ltr'>subent,</span> <span class='ocrx_word' id='word_1_265' title='bbox 357 3519 435 3580; x_wconf 94' lang='lat' dir='ltr'>nudo</span> <span class='ocrx_word' id='word_1_266' title='bbox 451 3522 547 3598; x_wconf 89' lang='lat' dir='ltr'>eapite</span> <span class='ocrx_word' id='word_1_267' title='bbox 567 3538 771 3600; x_wconf 88' lang='lat' dir='ltr'>processurus.</span> 
     </span>
    </p>

    <p class='ocr_par' dir='ltr' id='par_1_9' title="bbox 142 3608 1519 3813">
     <span class='ocr_line' id='line_1_32' title="bbox 245 3608 1519 3709; baseline 0.002 -31"><span class='ocrx_word' id='word_1_268' title='bbox 245 3608 408 3701; x_wconf 71' lang='lat' dir='ltr'>Praecedat</span> <span class='ocrx_word' id='word_1_269' title='bbox 440 3638 560 3700; x_wconf 88' lang='lat' dir='ltr'>semper</span> <span class='ocrx_word' id='word_1_270' title='bbox 587 3620 750 3696; x_wconf 72' lang='lat' dir='ltr'>Acolythus</span> <span class='ocrx_word' id='word_1_271' title='bbox 783 3621 832 3681; x_wconf 85' lang='lat' dir='ltr'>vel</span> <span class='ocrx_word' id='word_1_272' title='bbox 858 3621 932 3680; x_wconf 89' lang='lat' dir='ltr'>alius</span> <span class='ocrx_word' id='word_1_273' title='bbox 959 3617 1093 3709; x_wconf 80' lang='lat' dir='ltr'>minister</span> <span class='ocrx_word' id='word_1_274' title='bbox 1120 3617 1259 3677; x_wconf 79' lang='lat' dir='ltr'>deferens</span> <span class='ocrx_word' id='word_1_275' title='bbox 1295 3616 1456 3678; x_wconf 85' lang='lat' dir='ltr'>lanternam</span> <span class='ocrx_word' id='word_1_276' title='bbox 1515 3676 1519 3681; x_wconf 91' lang='lat'>.</span> 
     </span>
     <span class='ocr_line' id='line_1_33' title="bbox 142 3700 1457 3813; baseline 0.001 -33"><span class='ocrx_word' id='word_1_277' title='bbox 142 3708 249 3813; x_wconf 76' lang='lat' dir='ltr'>(noctu</span> <span class='ocrx_word' id='word_1_278' title='bbox 271 3729 377 3781; x_wconf 82' lang='lat' dir='ltr'>autem</span> <span class='ocrx_word' id='word_1_279' title='bbox 402 3721 461 3783; x_wconf 88' lang='lat' dir='ltr'>boc</span> <span class='ocrx_word' id='word_1_280' title='bbox 489 3721 708 3783; x_wconf 86' lang='lat' dir='ltr'>Sacramentum</span> <span class='ocrx_word' id='word_1_281' title='bbox 729 3720 838 3782; x_wconf 84' lang='lat' dir='ltr'>deferri</span> <span class='ocrx_word' id='word_1_282' title='bbox 867 3739 927 3781; x_wconf 92' lang='lat' dir='ltr'>non</span> <span class='ocrx_word' id='word_1_283' title='bbox 954 3720 1045 3780; x_wconf 91' lang='lat' dir='ltr'>debet</span> <span class='ocrx_word' id='word_1_284' title='bbox 1071 3700 1139 3780; x_wconf 48' lang='lat' dir='ltr'>nisi·</span> <span class='ocrx_word' id='word_1_285' title='bbox 1150 3719 1312 3780; x_wconf 88' lang='lat' dir='ltr'>necessitas</span> <span class='ocrx_word' id='word_1_286' title='bbox 1338 3716 1457 3799; x_wconf 81' lang='lat' dir='ltr'>urgeat)</span> 
     </span>
    </p>
   </div>
   <div class='ocr_carea' id='block_1_3' title="bbox 142 3867 355 3881">
    <p class='ocr_par' dir='ltr' id='par_1_10' title="bbox 142 3867 355 3881">
     <span class='ocr_line' id='line_1_34' title="bbox 142 3867 355 3881; baseline -0.009 -1"><span class='ocrx_word' id='word_1_287' title='bbox 142 3867 355 3881; x_wconf 52' lang='lat' dir='ltr'>ffl</span> 
     </span>
    </p>
   </div>
   <div class='ocr_carea' id='block_1_4' title="bbox 92 3954 1510 4712">
    <p class='ocr_par' dir='ltr' id='par_1_11' title="bbox 92 3954 1510 4712">
     <span class='ocr_line' id='line_1_35' title="bbox 226 3954 1457 4045; baseline -0.003 -23"><span class='ocrx_word' id='word_1_288' title='bbox 226 3966 255 4044; x_wconf 94' lang='lat'>1)</span> <span class='ocrx_word' id='word_1_289' title='bbox 278 3969 439 4025; x_wconf 68' lang='lat' dir='ltr'>monaster:</span> <span class='ocrx_word' id='word_1_290' title='bbox 460 3967 526 4024; x_wconf 79' lang='lat' dir='ltr'>llari</span> <span class='ocrx_word' id='word_1_291' title='bbox 540 3973 634 4042; x_wconf 86' lang='lat' dir='ltr'>potest</span> <span class='ocrx_word' id='word_1_292' title='bbox 654 3966 678 4025; x_wconf 91' lang='lat' dir='ltr'>si</span> <span class='ocrx_word' id='word_1_293' title='bbox 697 3983 793 4039; x_wconf 79' lang='lat' dir='ltr'>aeger,</span> <span class='ocrx_word' id='word_1_294' title='bbox 804 3954 1031 4041; x_wconf 70' lang='lat' dir='ltr'>&#39;independenter</span> <span class='ocrx_word' id='word_1_295' title='bbox 1048 3982 1064 4045; x_wconf 74' lang='lat' dir='ltr'>a</span> <span class='ocrx_word' id='word_1_296' title='bbox 1082 3965 1146 4023; x_wconf 92' lang='lat' dir='ltr'>cibo</span> <span class='ocrx_word' id='word_1_297' title='bbox 1163 3980 1276 4023; x_wconf 84' lang='lat' dir='ltr'>vomens</span> <span class='ocrx_word' id='word_1_298' title='bbox 1292 3982 1341 4022; x_wconf 87' lang='lat' dir='ltr'>sex</span> <span class='ocrx_word' id='word_1_299' title='bbox 1362 3966 1457 4021; x_wconf 85' lang='lat' dir='ltr'>saltem</span> 
     </span>
     <span class='ocr_line' id='line_1_36' title="bbox 139 4049 1510 4121; baseline -0.004 -14"><span class='ocrx_word' id='word_1_300' title='bbox 139 4051 218 4107; x_wconf 89' lang='lat' dir='ltr'>boris</span> <span class='ocrx_word' id='word_1_301' title='bbox 230 4053 312 4108; x_wconf 86' lang='lat' dir='ltr'>inerit</span> <span class='ocrx_word' id='word_1_302' title='bbox 327 4054 424 4110; x_wconf 90' lang='lat' dir='ltr'>libera</span> <span class='ocrx_word' id='word_1_303' title='bbox 441 4054 551 4111; x_wconf 89' lang='lat' dir='ltr'>vomitu.</span> <span class='ocrx_word' id='word_1_304' title='bbox 577 4052 632 4109; x_wconf 81' lang='lat' dir='ltr'>Aut</span> <span class='ocrx_word' id='word_1_305' title='bbox 644 4052 667 4109; x_wconf 88' lang='grc' dir='ltr'>εἰ</span> <span class='ocrx_word' id='word_1_306' title='bbox 679 4069 714 4108; x_wconf 87' lang='grc' dir='ltr'>ει]</span> <span class='ocrx_word' id='word_1_307' title='bbox 725 4052 788 4109; x_wconf 91' lang='lat' dir='ltr'>cibo</span> <span class='ocrx_word' id='word_1_308' title='bbox 803 4052 921 4107; x_wconf 87' lang='lat' dir='ltr'>vomitus</span> <span class='ocrx_word' id='word_1_309' title='bbox 940 4058 1068 4108; x_wconf 80' lang='lat' dir='ltr'>censetur</span> <span class='ocrx_word' id='word_1_310' title='bbox 1085 4058 1138 4106; x_wconf 91' lang='lat' dir='ltr'>tam</span> <span class='ocrx_word' id='word_1_311' title='bbox 1153 4051 1251 4121; x_wconf 85' lang='lat' dir='ltr'>exigua</span> <span class='ocrx_word' id='word_1_312' title='bbox 1270 4052 1309 4107; x_wconf 94' lang='lat' dir='ltr'>illi</span> <span class='ocrx_word' id='word_1_313' title='bbox 1325 4049 1457 4121; x_wconf 88' lang='lat' dir='ltr'>particula</span> <span class='ocrx_word' id='word_1_314' title='bbox 1506 4096 1510 4101; x_wconf 93' lang='grc'><em>,</em></span> 
     </span>
     <span class='ocr_line' id='line_1_37' title="bbox 140 4135 1490 4209; baseline -0.005 -18"><span class='ocrx_word' id='word_1_315' title='bbox 140 4135 229 4208; x_wconf 90' lang='lat' dir='ltr'>detur,</span> <span class='ocrx_word' id='word_1_316' title='bbox 244 4155 312 4209; x_wconf 89' lang='lat' dir='ltr'>quae</span> <span class='ocrx_word' id='word_1_317' title='bbox 325 4138 370 4192; x_wconf 88' lang='lat' dir='ltr'>vix</span> <span class='ocrx_word' id='word_1_318' title='bbox 377 4139 543 4194; x_wconf 88' lang='lat' dir='ltr'>stomachum</span> <span class='ocrx_word' id='word_1_319' title='bbox 558 4139 702 4193; x_wconf 86' lang='lat' dir='ltr'>alteratura</span> <span class='ocrx_word' id='word_1_320' title='bbox 714 4136 849 4193; x_wconf 88' lang='lat' dir='ltr'>credatur.</span> <span class='ocrx_word' id='word_1_321' title='bbox 872 4136 926 4192; x_wconf 79' lang='lat' dir='ltr'>aar</span> <span class='ocrx_word' id='word_1_322' title='bbox 936 4136 959 4193; x_wconf 90' lang='lat' dir='ltr'>si</span> <span class='ocrx_word' id='word_1_323' title='bbox 968 4136 1002 4192; x_wconf 92' lang='lat' dir='ltr'>de</span> <span class='ocrx_word' id='word_1_324' title='bbox 1014 4138 1067 4191; x_wconf 90' lang='lat' dir='ltr'>boc</span> <span class='ocrx_word' id='word_1_325' title='bbox 1078 4139 1140 4208; x_wconf 89' lang='lat' dir='ltr'>ipso</span> <span class='ocrx_word' id='word_1_326' title='bbox 1151 4136 1261 4192; x_wconf 89' lang='lat' dir='ltr'>dubium</span> <span class='ocrx_word' id='word_1_327' title='bbox 1274 4135 1310 4189; x_wconf 92' lang='lat' dir='ltr'>sit</span> <span class='ocrx_word' id='word_1_328' title='bbox 1321 4138 1348 4186; x_wconf 85' lang='lat' dir='ltr'>et</span> <span class='ocrx_word' id='word_1_329' title='bbox 1359 4139 1457 4188; x_wconf 87' lang='lat' dir='ltr'>tamen.</span> <span class='ocrx_word' id='word_1_330' title='bbox 1486 4191 1490 4200; x_wconf 30' lang='lat'><strong>¹</strong></span> 
     </span>
     <span class='ocr_line' id='line_1_38' title="bbox 92 4216 1465 4294; baseline -0.005 -18"><span class='ocrx_word' id='word_1_331' title='bbox 92 4224 97 4231; x_wconf 90' lang='lat'><em>&#39;</em></span> <span class='ocrx_word' id='word_1_332' title='bbox 140 4221 200 4276; x_wconf 86' lang='lat' dir='ltr'>dari</span> <span class='ocrx_word' id='word_1_333' title='bbox 216 4221 314 4279; x_wconf 87' lang='lat' dir='ltr'>debeat</span> <span class='ocrx_word' id='word_1_334' title='bbox 328 4223 477 4293; x_wconf 86' lang='lat' dir='ltr'>Viaticum,</span> <span class='ocrx_word' id='word_1_335' title='bbox 491 4223 650 4294; x_wconf 78' lang='lat' dir='ltr'>porrigatur</span> <span class='ocrx_word' id='word_1_336' title='bbox 665 4239 752 4293; x_wconf 84' lang='lat' dir='ltr'>aegro</span> <span class='ocrx_word' id='word_1_337' title='bbox 769 4221 802 4277; x_wconf 93' lang='lat' dir='ltr'>de</span> <span class='ocrx_word' id='word_1_338' title='bbox 816 4222 870 4276; x_wconf 93' lang='lat' dir='ltr'>boc</span> <span class='ocrx_word' id='word_1_339' title='bbox 886 4220 1020 4277; x_wconf 89' lang='lat' dir='ltr'>ibstructo</span> <span class='ocrx_word' id='word_1_340' title='bbox 1038 4221 1149 4292; x_wconf 85' lang='lat' dir='ltr'>praevie</span> <span class='ocrx_word' id='word_1_341' title='bbox 1167 4220 1300 4292; x_wconf 89' lang='lat' dir='ltr'>particula</span> <span class='ocrx_word' id='word_1_342' title='bbox 1314 4231 1367 4270; x_wconf 91' lang='lat' dir='ltr'>nou</span> <span class='ocrx_word' id='word_1_343' title='bbox 1389 4216 1465 4270; x_wconf 91' lang='lat' dir='ltr'>con-&#39;</span> 
     </span>
     <span class='ocr_line' id='line_1_39' title="bbox 140 4299 1455 4385; baseline -0.006 -23"><span class='ocrx_word' id='word_1_344' title='bbox 140 4313 257 4376; x_wconf 79' lang='lat' dir='ltr'>secreta,</span> <span class='ocrx_word' id='word_1_345' title='bbox 267 4324 344 4379; x_wconf 86' lang='lat' dir='ltr'>quum</span> <span class='ocrx_word' id='word_1_346' title='bbox 357 4308 380 4363; x_wconf 89' lang='lat' dir='ltr'>si</span> <span class='ocrx_word' id='word_1_347' title='bbox 392 4306 605 4363; x_wconf 87' lang='lat' dir='ltr'>reieceritnulio</span> <span class='ocrx_word' id='word_1_348' title='bbox 613 4306 694 4363; x_wconf 90' lang='lat' dir='ltr'>modo</span> <span class='ocrx_word' id='word_1_349' title='bbox 707 4307 786 4367; x_wconf 86' lang='lat' dir='ltr'>detur</span> <span class='ocrx_word' id='word_1_350' title='bbox 797 4314 973 4362; x_wconf 86' lang='lat' dir='ltr'>consecrata:</span> <span class='ocrx_word' id='word_1_351' title='bbox 986 4322 1065 4362; x_wconf 86' lang='lat' dir='ltr'>secus</span> <span class='ocrx_word' id='word_1_352' title='bbox 1074 4306 1100 4361; x_wconf 89' lang='lat' dir='ltr'>si</span> <span class='ocrx_word' id='word_1_353' title='bbox 1111 4305 1235 4361; x_wconf 87' lang='lat' dir='ltr'>retineat.</span> <span class='ocrx_word' id='word_1_354' title='bbox 1260 4299 1293 4374; x_wconf 85' lang='lat'>2)</span> <span class='ocrx_word' id='word_1_355' title='bbox 1308 4299 1455 4385; x_wconf 86' lang='lat' dir='ltr'>lionaster.</span> 
     </span>
     <span class='ocr_line' id='line_1_40' title="bbox 139 4385 1456 4465; baseline -0.004 -20"><span class='ocrx_word' id='word_1_356' title='bbox 139 4391 278 4448; x_wconf 89' lang='lat' dir='ltr'>Parocbus</span> <span class='ocrx_word' id='word_1_357' title='bbox 293 4390 429 4447; x_wconf 86' lang='lat' dir='ltr'>interdum</span> <span class='ocrx_word' id='word_1_358' title='bbox 447 4408 500 4465; x_wconf 91' lang='lat' dir='ltr'>pro</span> <span class='ocrx_word' id='word_1_359' title='bbox 517 4391 651 4447; x_wconf 91' lang='lat' dir='ltr'>concione</span> <span class='ocrx_word' id='word_1_360' title='bbox 675 4392 803 4464; x_wconf 92' lang='lat' dir='ltr'>populum</span> <span class='ocrx_word' id='word_1_361' title='bbox 824 4389 858 4447; x_wconf 89' lang='lat' dir='ltr'>ad</span> <span class='ocrx_word' id='word_1_362' title='bbox 877 4393 931 4447; x_wconf 90' lang='lat' dir='ltr'>boc</span> <span class='ocrx_word' id='word_1_363' title='bbox 952 4391 1097 4461; x_wconf 84' lang='lat' dir='ltr'>religionis</span> <span class='ocrx_word' id='word_1_364' title='bbox 1114 4397 1142 4444; x_wconf 92' lang='lat' dir='ltr'>et</span> <span class='ocrx_word' id='word_1_365' title='bbox 1158 4385 1278 4443; x_wconf 89' lang='lat' dir='ltr'>caritatis</span> <span class='ocrx_word' id='word_1_366' title='bbox 1297 4386 1456 4441; x_wconf 80' lang='lat' dir='ltr'>exercitium</span> 
     </span>
     <span class='ocr_line' id='line_1_41' title="bbox 140 4471 1458 4549; baseline -0.003 -21"><span class='ocrx_word' id='word_1_367' title='bbox 140 4472 332 4533; x_wconf 82' lang='lat' dir='ltr'>exstimulabit.</span> <span class='ocrx_word' id='word_1_368' title='bbox 349 4508 384 4518; x_wconf 90' lang='lat'><strong>—</strong></span> <span class='ocrx_word' id='word_1_369' title='bbox 403 4478 524 4532; x_wconf 75' lang='lat' dir='ltr'>—licet</span> <span class='ocrx_word' id='word_1_370' title='bbox 542 4476 673 4531; x_wconf 80' lang='lat' dir='ltr'>festinare</span> <span class='ocrx_word' id='word_1_371' title='bbox 689 4474 802 4533; x_wconf 88' lang='lat' dir='ltr'>subinde</span> <span class='ocrx_word' id='word_1_372' title='bbox 822 4478 927 4549; x_wconf 87' lang='lat' dir='ltr'>possit,</span> <span class='ocrx_word' id='word_1_373' title='bbox 942 4493 1077 4548; x_wconf 85' lang='lat' dir='ltr'>nunquam</span> <span class='ocrx_word' id='word_1_374' title='bbox 1095 4480 1184 4528; x_wconf 88' lang='lat' dir='ltr'>tamen</span> <span class='ocrx_word' id='word_1_375' title='bbox 1202 4487 1262 4524; x_wconf 91' lang='lat' dir='ltr'>cum</span> <span class='ocrx_word' id='word_1_376' title='bbox 1282 4471 1374 4526; x_wconf 84' lang='lat' dir='ltr'>babitu</span> <span class='ocrx_word' id='word_1_377' title='bbox 1389 4472 1458 4526; x_wconf 90' lang='lat' dir='ltr'>San-</span> 
     </span>
     <span class='ocr_line' id='line_1_42' title="bbox 139 4554 1458 4632; baseline -0.001 -21"><span class='ocrx_word' id='word_1_378' title='bbox 139 4557 288 4614; x_wconf 88' lang='lat' dir='ltr'>ctissimnm</span> <span class='ocrx_word' id='word_1_379' title='bbox 303 4560 440 4616; x_wconf 81' lang='lat' dir='ltr'>deferenti</span> <span class='ocrx_word' id='word_1_380' title='bbox 455 4578 567 4617; x_wconf 88' lang='lat' dir='ltr'>currere</span> <span class='ocrx_word' id='word_1_381' title='bbox 583 4561 686 4631; x_wconf 90' lang='lat' dir='ltr'>licebit,</span> <span class='ocrx_word' id='word_1_382' title='bbox 704 4562 756 4618; x_wconf 90' lang='lat' dir='ltr'>nisi</span> <span class='ocrx_word' id='word_1_383' title='bbox 767 4562 839 4617; x_wconf 88' lang='lat' dir='ltr'>iorte</span> <span class='ocrx_word' id='word_1_384' title='bbox 853 4562 974 4618; x_wconf 86' lang='lat' dir='ltr'>infirmas</span> <span class='ocrx_word' id='word_1_385' title='bbox 985 4558 1168 4632; x_wconf 88' lang='lat' dir='ltr'>probabiliter</span> <span class='ocrx_word' id='word_1_386' title='bbox 1183 4554 1342 4612; x_wconf 84' lang='lat' dir='ltr'>crederetur</span> <span class='ocrx_word' id='word_1_387' title='bbox 1353 4572 1416 4611; x_wconf 85' lang='lat' dir='ltr'>esse</span> <span class='ocrx_word' id='word_1_388' title='bbox 1430 4555 1458 4611; x_wconf 91' lang='lat' dir='ltr'>in</span> 
     </span>
     <span class='ocr_line' id='line_1_43' title="bbox 138 4642 731 4712; baseline 0.007 -15"><span class='ocrx_word' id='word_1_389' title='bbox 138 4642 248 4699; x_wconf 86' lang='lat' dir='ltr'>mortali</span> <span class='ocrx_word' id='word_1_390' title='bbox 262 4651 289 4699; x_wconf 91' lang='lat' dir='ltr'>et</span> <span class='ocrx_word' id='word_1_391' title='bbox 303 4644 347 4701; x_wconf 87' lang='lat' dir='ltr'>bic</span> <span class='ocrx_word' id='word_1_392' title='bbox 362 4645 480 4712; x_wconf 81' lang='lat' dir='ltr'>nondum</span> <span class='ocrx_word' id='word_1_393' title='bbox 494 4646 639 4704; x_wconf 81' lang='lat' dir='ltr'>confossas</span> <span class='ocrx_word' id='word_1_394' title='bbox 650 4653 731 4704; x_wconf 85' lang='lat' dir='ltr'>esset.</span> 
     </span>
    </p>
   </div>
   <div class='ocr_carea' id='block_1_5' title="bbox 1256 4727 1295 4790">
    <p class='ocr_par' dir='ltr' id='par_1_12' title="bbox 1256 4727 1295 4790">
     <span class='ocr_line' id='line_1_44' title="bbox 1256 4727 1295 4790; baseline 0 0"><span class='ocrx_word' id='word_1_395' title='bbox 1256 4727 1295 4790; x_wconf 93' lang='lat'>11</span> 
     </span>
    </p>
   </div>
   <div class='ocr_carea' id='block_1_6' title="bbox 0 0 1606 5176">
    <p class='ocr_par' dir='ltr' id='par_1_13' title="bbox 0 0 1606 5176">
     <span class='ocr_line' id='line_1_45' title="bbox 0 0 1606 5176; baseline 0 1"><span class='ocrx_word' id='word_1_396' title='bbox 0 0 1606 5176; x_wconf 95' lang='lat' dir='ltr'> </span> 
     </span>
    </p>
   </div>
  </div>
 </body>
</html>
