3202 5176
671 372 752 444 423

57 564 174 629 hunde
188 564 326 629 ambabus
340 564 472 629 manibus
485 566 580 645 tangit
593 564 698 628 ltbmm
706 556 936 646 Evangeliorum
953 566 1289 652 qnemlletropolitanns
1298 578 1366 633 ante

59 687 94 730 ss
115 678 245 750 apertum
266 679 364 749 tenet,
387 671 504 733 dicens:
532 658 591 734 Sic
614 681 670 732 me
697 659 793 734 Dens
820 662 959 734 adiuvet
985 673 1019 734 et
1044 662 1131 736 haec
1156 675 1274 739 sancta
1299 665 1366 736 Dei
1433 700 1436 707 ·
1480 699 1482 704 ·

10 832 36 875 ff
59 760 259 855 Evangelia.
441 754 443 758 ’

159 875 266 937 Postea
283 874 348 937 Rex
368 875 480 937 electus
492 873 713 957 blatropolitani
733 892 845 938 manum
860 885 1035 939 reverenter
1047 877 1206 941 osculatur.
1245 877 1297 939 His
1316 895 1366 939 ex·

57 975 185 1057 peditis,
207 978 268 1040 illo·
281 976 442 1057 genuflexo
455 987 609 1058 manente,
629 976 874 1060 Metropolitanus
887 978 1022 1059 deposita
1036 982 1120 1042 mitra
1134 982 1230 1060 surgit
1243 989 1274 1042 et
1286 989 1366 1042 stans

58 1096 163 1140 versus
192 1082 227 1142 ad
252 1082 346 1163 ipsum
368 1080 581 1160 coronandam,
608 1081 679 1143 dicit
699 1081 880 1161 competenti
901 1099 977 1143 voce
998 1092 1170 1164 sequentem
1191 1084 1366 1158 orationem,

57 1198 141 1261 qnam
155 1185 242 1245 etiam
259 1185 358 1247 dicunt
371 1202 472 1246 omnes
488 1185 645 1249 l’outillces
660 1187 772 1266 parati,
788 1184 923 1246 similiter
936 1186 1002 1246 sine
1014 1186 1107 1247 mitris
1123 1195 1252 1264 stantes,
1268 1184 1368 1247 dicunt

57 1285 144 1345 etiam
158 1289 254 1348 omnia
267 1288 333 1366 alia,
349 1287 584 1350 benedictionem
598 1296 629 1349 et
641 1289 864 1350 coronationem
879 1288 970 1368 ipsam
981 1291 1200 1367 concernentia,
1215 1284 1367 1350 vocesub·

57 1388 156 1466 missa,
170 1388 426 1471 Metropolitanum
441 1400 537 1452 tamen
551 1392 581 1452 in
601 1391 735 1453 omnibus
750 1391 945 1453 observantes
959 1401 988 1453 et
1001 1392 1166 1453 imitantes:

160 1481 315 1556 Oramus.
360 1481 580 1579 Omnipotens
603 1486 809 1580 sempiterne
831 1483 939 1573 Deus,
962 1494 1097 1556 creator
1120 1485 1279 1574 omnium,
1301 1481 1367 1555 lm-

57 1595 196 1678 perator
226 1585 460 1677 Angelorum,
496 1585 576 1657 Rex
611 1608 733 1679 regum
768 1595 802 1657 et
825 1584 992 1659 Dominus
1027 1587 1283 1675 dominantium,
1310 1588 1367 1682 qui

56 1685 232 1757 Abraham
249 1686 386 1758 fidelem
403 1708 542 1761 servum
560 1698 653 1760 tuum
668 1690 710 1760 de
725 1688 878 1761 hostibus
890 1688 1100 1783 triumphare
1111 1688 1235 1777 iecisti,
1252 1688 1368 1782 Moysi

58 1796 92 1860 et
111 1787 213 1864 Iosue
239 1790 368 1885 populo
395 1800 453 1862 tuo
479 1791 642 1887 praelatis
668 1790 891 1887 multiplicem
922 1792 1101 1862 victoriam
1134 1791 1280 1863 tribuisti
1305 1790 1367 1860 hu-

55 1892 239 1986 milemque
261 1891 378 1964 David·
400 1915 543 1987 puerum
569 1903 660 1966 tuom
687 1896 787 1987 regni
811 1890 949 1986 fastigio
977 1891 1182 1982 sublimasti,
1210 1902 1245 1963 et
1267 1889 1366 1964 Salo-

55 2014 191 2064 monem
213 1996 400 2090 sapientiae
426 1998 587 2092 pacisque
607 1995 769 2069 inedabili
787 2016 929 2067 munere
956 1995 1080 2086 ditasti,
1105 1996 1241 2090 respice
1263 2015 1366 2090 quae-

56 2116 173 2170 sumus
192 2096 339 2169 Domine
365 2098 407 2168 ad
434 2119 558 2194 preces
580 2098 776 2174 humilitatis
797 2109 936 2172 nostrae
962 2109 996 2170 et
1021 2119 1126 2195 super
1146 2096 1236 2168 hunc
1257 2094 1365 2168 famu-

57 2199 127 2270 lum
145 2210 238 2271 tuum
256 2198 310 2290 N,
334 2221 434 2296 quem
456 2201 600 2297 supplici
622 2203 807 2275 devotione
827 2205 862 2274 in
879 2200 1011 2294 Regem
1033 2201 1213 2294 elegimus,
1235 2199 1366 2294 benei-

57 2301 241 2372 dictionnm
270 2311 403 2373 tuarum
433 2303 520 2374 dona
551 2305 737 2400 multiplica
759 2326 905 2399 eumque
928 2303 1094 2374 dexterae
1114 2314 1192 2374 tuae
1214 2304 1366 2396 potentia

57 2426 193 2498 semper
220 2412 254 2475 et
274 2403 400 2500 ubique
428 2406 612 2497 circumda,
640 2417 805 2502 quatenus
828 2404 994 2502 praedicti
1019 2405 1182 2476 Abrahae
1203 2398 1365 2474 fidelitate

56 2506 228 2595 bruatus,
259 2505 374 2603 Mopsi
406 2509 664 2580 mansuetudine
689 2508 818 2598 fretus,
854 2505 956 2579 losue
981 2506 1179 2578 fortitudine
1204 2508 1364 2592 munitus,

56 2609 169 2680 David
192 2608 379 2682 hnmilitate
399 2610 587 2702 exaltatus,
612 2609 806 2684 Salomonis
829 2612 993 2706 sapientia
1017 2610 1218 2698 decoratus,
1246 2608 1306 2679 tihi
1329 2608 1366 2679 iu

58 2710 214 2785 omnibus
232 2713 444 2808 complaceat
464 2721 498 2784 et
518 2736 581 2809 per
600 2716 767 2785 tramitem
785 2715 931 2787 iustitiae
950 2712 1117 2786 inoffenso
1136 2733 1259 2804 gressu
1277 2731 1364 2783 sem-

55 2836 119 2911 per
139 2813 292 2906 incedat,
315 2825 394 2886 tuae
418 2836 556 2913 qnoque
577 2819 800 2912 protectionis
822 2816 923 2910 galea
943 2817 1109 2903 munitus,
1136 2822 1170 2884 et
1191 2822 1288 2887 scuto
1313 2815 1364 2883 in·

55 2917 240 3012 superabili
259 2920 385 3011 iugiter
401 2929 590 3016 protectus,
611 2921 781 3014 armisque
799 2916 1011 2992 coelestibus
1026 2916 1254 2988 circumdatus
1271 2921 1364 3010 opta-

54 3019 133 3091 bilis
153 3021 196 3088 de
222 3018 375 3093 hostibus
401 3033 540 3094 sanotae
566 3025 677 3095 crucis
701 3021 826 3095 Christi
844 3023 1010 3094 victoriae
1032 3018 1235 3115 triumphum
1255 3017 1363 3087 felici-

56 3131 110 3190 ter
132 3122 254 3213 capiat,
279 3131 517 3219 terroremque
542 3147 627 3198 suae
648 3129 821 3220 potentiae
846 3126 914 3198 illis
937 3124 1072 3214 inierat,
1100 3132 1133 3193 et
1158 3138 1276 3214 pacem
1301 3116 1362 3186 tihi

56 3218 273 3294 militantibus
299 3222 465 3294 laetanter
490 3235 653 3320 reportet.
702 3223 770 3296 Per
796 3225 966 3299 Christum
989 3226 1169 3296 Dominum
1194 3226 1360 3307 nostrum,¹

57 3326 113 3420 qui
141 3325 266 3395 virtute
294 3333 433 3397 sanctae
466 3329 577 3399 crucis
599 3335 724 3398 tartara
752 3327 920 3402 destruxit
949 3347 1125 3420 regnoque
1153 3319 1280 3392 diaboli
1304 3342 1360 3395 su-

54 3435 176 3524 perato
198 3426 241 3496 ad
268 3428 389 3499 coelos
410 3429 520 3499 victor
546 3428 711 3520 ascendit,
737 3432 772 3501 in
796 3452 863 3524 quo
889 3439 1040 3526 potestas
1063 3427 1169 3497 omnis
1192 3424 1360 3523 regnique

55 3531 210 3602 consistit
233 3531 391 3619 victoria,
419 3533 476 3626 qui
503 3540 555 3604 est
582 3530 692 3625 gloria
718 3533 890 3604 humilium
920 3541 953 3603 et
977 3533 1046 3600 m'ta
1068 3526 1229 3620 salusque
1250 3546 1359 3621 popu-

55 3633 166 3703 lorum
194 3636 251 3725 qui
276 3642 389 3704 tecam
415 3636 501 3705 vivit
527 3643 561 3706 et
587 3644 708 3726 regnat
734 3639 769 3706 in
794 3637 922 3706 unitate
943 3631 1086 3728 Spiritus
1107 3627 1223 3702 Sancti
1248 3626 1357 3718 Deus,

53 3756 116 3831 per
137 3738 248 3806 omnia
270 3735 408 3809 saecula
429 3735 655 3809 saeculorum.
695 3742 738 3831 lt.
762 3737 884 3810 Amen.
1360 3744 1364 3753 '

142 3845 540 3929 Postliaeobietropolitanns
552 3866 618 3910 cum
627 3850 711 3912 mitra
719 3850 883 3932 procumbit
891 3860 977 3926 supra
986 3841 1189 3907 faldistorium.
1209 3841 1356 3906 Rervero

54 3947 90 4010 ad
103 3949 167 4010 eius
182 3950 326 4010 sinistram
342 3952 372 4012 in
385 3959 492 4013 terram
507 3971 540 4014 se
555 3955 733 4034 prosternit,
753 3953 816 4015 aliis
830 3949 969 4014 Praelatls
983 3947 1091 4031 paratis
1104 3956 1172 4008 ante
1190 3946 1276 4007 sedes
1289 3961 1357 4004 suas

54 4052 189 4114 similiter
207 4052 477 4133 procumbentibus.
524 4055 606 4116 Tunc
626 4065 760 4117 cantores
780 4054 921 4135 incipiant
943 4060 972 4112 et
991 4059 1209 4132 prosequuntur
1230 4047 1356 4125 litanias,

56 4152 154 4216 (thoro
177 4155 388 4236 respondente.
436 4155 506 4219 cnm
527 4157 634 4219 dictum
654 4158 757 4222 inerit:
783 4149 827 4220 Ui
853 4143 1007 4218 omnibus
1032 4142 1187 4215 fidelibus
1208 4157 1265 4233 etc.
1311 4144 1355 4231 Rc.

55 4245 107 4316 Te
126 4270 289 4341 rogamus
309 4249 388 4321 audi
407 4271 486 4342 nos,
503 4259 748 4342 Metropolitanus
762 4261 857 4339 surgit
871 4269 900 4321 et
913 4263 1035 4338 accepto
1049 4254 1154 4316 baculo
1168 4250 1313 4331 postorali
1325 4253 1355 4313 in

54 4359 201 4421 sinistram
222 4380 354 4440 manum,
378 4360 468 4443 adper
482 4362 607 4424 electum
622 4382 724 4442 regem
738 4371 913 4445 prostratum
928 4361 1013 4424 dicit:
1034 4348 1078 4419 Ut
1099 4346 1188 4417 huno
1209 4344 1355 4417 electum

54 4455 90 4523 in
111 4451 244 4546 Regem
276 4455 508 4528 coronandum
535 4457 668 4552 bened·
683 4457 797 4532 dicere
827 4456 1002 4550 signem.
1039 4453 1081 4540 n.
1116 4445 1170 4518 ΤΘ
1193 4467 1355 4540 rogamus

55 4555 141 4626 andi·
161 4576 235 4629 nos.
284 4557 329 4630 Ut
357 4558 446 4630 hunc
475 4560 619 4632 electum
640 4563 674 4630 in
696 4559 827 4654 Regem
848 4550 1079 4631 coronandum
1105 4549 1354 4643 tene†ttoero

55 4665 90 4728 at
116 4659 379 4756 oon-iscoram
405 4662 565 4756 digneris.
610 4668 652 4757 R.
682 4662 735 4735 'l'e
757 4654 1147 4826 rogamnsandlnoz9
1161 4660 1354 4726 Protnoento
1451 4666 1457 4675 ·
