3202 5176
835 333 910 428 aas
931 413 933 417 ,

148 595 151 598 ,
318 522 437 595 Passio
458 519 596 590 Domini
617 521 726 594 nostri
746 518 826 593 lesu
846 515 984 607 Christi,
1002 519 1124 588 merita
1142 514 1265 587 beatae
1277 513 1410 588 Mariae
1429 516 1536 609 virgi

212 627 268 701 nis
292 625 497 697 etomnium
518 619 735 713 Sanctorum,
763 621 928 717 quidquid
952 619 1035 692 boni
1060 618 1187 691 leceris
1209 627 1243 689 et
1265 618 1348 689 mali
1365 621 1535 709 sustinue-

119 811 132 830 ,
214 731 284 817 ris,
306 727 379 800 ‘siut
399 724 460 796 tibi
480 728 516 795 in
536 725 774 798 remissionem
799 734 1039 819 peecatorum,
1067 731 1287 815 augmentum
1313 724 1468 814 gratioe,
1503 730 1536 792 et

128 902 130 911 ,
214 831 403 926 praemium
425 830 517 900 vitae
539 818 711 898 aeternae.
755 826 879 898 Amen.
888 823 920 922 1)

317 939 351 1000 ln
366 938 610 1006 confessionibus
619 952 716 1000 autem
732 937 986 1018 frequentioribus
1002 946 1031 998 et
1045 935 1233 1006 brevioribus
1248 937 1342 997 omitti
1356 944 1459 1016 potest
1473 923 1535 996 Mi-

217 1023 376 1106 serentur
396 1043 459 1104 ete.
488 1043 560 1102 satis
581 1044 638 1103 eris
658 1041 774 1102 dicere:
800 1032 967 1103 Dominus
989 1039 1108 1103 noster
1131 1027 1229 1103 Iesus
1247 1025 1403 1102 Christus
1424 1038 1490 1100 etc.
1506 1045 1535 1119 nt

215 1164 303 1226 supra
316 1163 410 1224 usque
424 1143 461 1206 ad
473 1143 545 1204 illud
559 1134 831 1210 PassioDomini
844 1142 908 1205 etc.

318 1247 455 1325 Urgeute
475 1264 549 1308 uero
565 1245 662 1327 aliqua
685 1247 769 1325 gravi
784 1247 964 1308 necessitate
977 1244 1006 1304 in
1020 1241 1155 1323 periculo
1170 1242 1273 1304 mortis
1290 1236 1422 1309 breviter
1435 1242 1535 1305 dicere

215 1346 365 1431 poterit'
638 1402 641 1407 .
1498 1403 1502 1409 .

319 1441 397 1534 Ego
429 1451 465 1512 te
499 1439 645 1514 absolvo
674 1438 716 1511 ab
744 1439 901 1521 omuibus
929 1439 1084 1511 censuris
1106 1447 1140 1507 et
1165 1438 1318 1532 peccatis
1340 1437 1535 1509 innomine

216 1543 326 1643 Patris
352 1543 384 1638 ³5
411 1553 445 1615 et
472 1541 552 1615 Filii
578 1553 611 1615 et
638 1539 785 1637 Spiritus
806 1540 931 1614 Sancti.
978 1533 1147 1634 Amenfl)

220 1745 224 1748 ·
318 1713 379 1785 De
406 1710 687 1786 absolutione
714 1710 761 1809 alt
783 1708 1246 1783 Excommunieatione
1267 1709 1308 1778 in
1333 1707 1434 1806 foro
1551 1761 1555 1767 .

756 1815 988 1885 exteriori.

319 1961 353 2019 Si
373 1967 507 2039 potestas
531 1959 706 2021 absolvendi
727 1959 763 2026 ab
787 1958 1100 2021 excommunicationis
1120 1957 1268 2018 sententia
1282 1955 1439 2017 Sacerdoti
1459 1974 1533 2017 eom·

215 2061 305 2122 missa
329 2061 419 2122 luerit
440 2080 456 2121 a
471 2063 633 2143 Superiori.
646 2071 676 2123 et
689 2063 719 2122 iu
734 2061 869 2122 mandato
885 2070 966 2122 certa
980 2060 1075 2123 forma
1088 2061 1126 2120 sit
1140 2060 1334 2141 praescripta,
1348 2057 1400 2118 illa
1416 2059 1533 2133 omnino

214 2162 361 2224 servanda
382 2171 447 2240 est,
464 2165 490 2223 si
513 2181 585 2226 vero
605 2165 635 2224 in
649 2165 785 2225 mandato
800 2183 854 2225 seu
869 2156 1077 2225 commissione
1095 2162 1216 2223 dieitur:
1236 2155 1271 2222 in
1288 2151 1400 2223 forma
1412 2149 1534 2223 Eccle-

214 2257 288 2331 siae
310 2264 476 2328 consueta
496 2254 674 2347 absolvat,
696 2267 771 2328 haec
790 2265 937 2327 servanda
956 2275 1033 2327 suut.
1046 2296 1100 2308 —
1115 2265 1231 2342 Primo,
1253 2273 1285 2325 ut
1300 2265 1534 2326 excommunica·

213 2377 261 2429 sus
281 2370 329 2444 ei,
341 2366 379 2428 ob
397 2352 478 2427 cuius
498 2367 639 2429 cileosam
653 2370 683 2428 in
703 2370 1037 2430 excommunicationem
1051 2369 1271 2454 incurritprius
1284 2368 1309 2427 si
1324 2375 1437 2447 petest,
1452 2367 1533 2427 satis-

105 2537 107 2542 ,
213 2469 330 2532 iaciat·
352 2468 478 2543 Quodsi
493 2478 563 2529 tunc
577 2487 637 2530 non
650 2473 766 2549 possit,
783 2471 981 2534 sufficientem
996 2472 1162 2532 cautionem
1181 2469 1341 2551 praebeat,
1355 2477 1406 2529 aut
1419 2468 1533 2544 saltem,

157 2596 164 2644 ς
213 2573 240 2633 ai
255 2590 319 2632 eam
334 2580 488 2651 praestare
503 2590 563 2633 uon
578 2580 698 2652 potest,
717 2574 794 2642 iuret
811 2593 864 2648 se,
881 2575 1083 2655 cumprimum
1102 2575 1224 2653 poterit,
1240 2571 1469 2634 satisfacturum.
1489 2602 1531 2613 -

214 2672 353 2736 Secundo
373 2675 399 2734 si
420 2675 531 2735 crimen
547 2673 585 2734 ob
599 2673 679 2753 qood
696 2676 726 2734 in
739 2678 1073 2761 excommunicationem
1092 2674 1194 2736 incidit
1206 2677 1245 2735 sit
1257 2691 1369 2753 grave,
1389 2674 1534 2734 iuramen-

213 2784 274 2837 tum
288 2774 324 2836 ab
339 2794 377 2836 eo
392 2777 530 2852 exigatur
544 2775 581 2836 de
594 2775 727 2856 parendo
744 2775 886 2837 mandatis
893 2775 1058 2853 Ecclesiae,
1074 2795 1148 2857 quae
1164 2777 1208 2839 illi
1223 2757 1294 2838 dent
1304 2793 1359 2856 pro
1371 2775 1422 2837 tali
1433 2794 1534 2837 cansa:

213 2895 249 2937 ac
262 2879 439 2957 praecipere
455 2896 493 2937 ne
510 2876 651 2957 deinceps
667 2875 818 2957 delinquat
833 2887 937 2939 eontra
949 2877 1032 2938 illum
1046 2897 1188 2940 canonem
1202 2880 1251 2944 vol
1267 2879 1420 2941 decretum
1432 2888 1536 2941 contra

214 2977 294 3059 quod
307 2975 443 3039 iaciendo
459 2996 611 3039 censuram
625 2980 757 3039 incurrit.
817 3043 822 3048 ,
1270 2960 1273 2967 ’
1323 2962 1326 2967 ’

318 3079 455 3160 Denique
469 3080 548 3140 hunc
562 3079 738 3142 absolvendi
751 3081 837 3141 ritum
852 3079 1033 3143 observabit.
1074 3081 1281 3151 Poenitentcm
1296 3101 1394 3173 ceram
1407 3103 1442 3146 se
1455 3093 1535 3146 utro·

214 3246 429 3260 *συ-

281 3341 312 3422 1)
333 3343 483 3417 Agenda
504 3344 554 3400 llo
564 3360 634 3415 gun
646 3350 665 3400 t.
688 3346 765 3402 1513.
800 3344 961 3402 llisereatur
982 3345 1019 3402 tui
1034 3345 1207 3417 omnipotens
1223 3347 1297 3404 Deus
1310 3351 1336 3401 et
1350 3344 1468 3402 dimittat
1483 3346 1535 3404 tibi

216 3430 306 3487 omnia
318 3438 431 3503 paccata
443 3437 488 3485 tus
500 3437 529 3485 et
540 3429 678 3486 custodiat
691 3435 719 3485 te
730 3430 764 3485 ab
781 3430 854 3486 omni
865 3430 946 3500 malo,
958 3439 1105 3487 conservet
1115 3438 1143 3486 te
1154 3430 1181 3486 in
1194 3431 1267 3486 omni
1278 3431 1351 3487 bono
1360 3437 1414 3490 etc.
1440 3431 1535 3488 ludul-

216 3516 335 3585 gcntiam
347 3522 399 3575 ete.
429 3514 497 3570 Dein
513 3514 634 3586 imponat
649 3515 842 3585 poenitentiam
855 3514 1000 3570 salutarem
1012 3533 1063 3587 qua
1079 3532 1095 3570 a
1109 3515 1270 3587 poenitente
1284 3523 1397 3588 accepta
1409 3517 1536 3575 absolvat
1556 3505 1558 3509 ¹

216 3600 292 3656 erim:
313 3600 401 3671 primo
413 3599 447 3654 ab
459 3599 739 3656 excommunicatione
752 3599 865 3670 minori,
882 3599 945 3655 dein
956 3616 972 3655 a
984 3609 1097 3671 peecata
1111 3601 1245 3657 diceudo:
1265 3600 1396 3657 Dominus
1406 3609 1503 3658 noster
1513 3604 1534 3658 1.

216 3683 248 3740 D.
269 3701 319 3756 per
337 3701 412 3740 suam
431 3700 555 3753 maguam
576 3683 791 3739 misericordiam
812 3684 939 3755 dignetur
951 3692 979 3740 te
993 3684 1138 3742 absolvere
1150 3693 1178 3741 et
1190 3701 1245 3757 ego
1260 3685 1424 3742 auctoritate
1439 3687 1533 3760 ipsius,

130 3774 135 3784 ‘
191 3777 196 3782 ’
216 3785 268 3841 quc
281 3784 336 3840 ego
351 3770 463 3841 fungor,
475 3768 592 3824 absolvo
603 3775 629 3824 te
641 3785 656 3823 a
669 3768 777 3825 viuculo
793 3769 1080 3827 excommunicationis
1092 3771 1213 3841 minoris,
1225 3770 1249 3826 si
1260 3770 1367 3842 ligaris,
1380 3777 1408 3827 et
1419 3771 1535 3828 absolvo

214 3859 244 3910 te
259 3871 274 3909 a
286 3854 407 3925 peccatis
419 3853 472 3909 tuis
486 3853 513 3908 io
529 3852 637 3908 nomine
649 3853 736 3910 Patris
747 3849 771 3930 †
783 3862 811 3910 ct
821 3854 881 3910 Filii
893 3860 920 3909 et
934 3853 1052 3926 Spiritus
1064 3856 1165 3912 Sancti.
1188 3855 1284 3911 Amen.
1313 3855 1458 3912 Ritnale
1471 3856 1535 3913 Au·

215 3944 401 4010 gusianum
415 3937 496 3995 1587.
525 3937 686 3993 misereatur
703 3938 742 3993 tui
760 3938 933 4010 omnipotens
949 3940 1021 4007 Deus
1039 3949 1068 3997 et
1079 3939 1196 3998 dimissis
1211 3940 1335 3996 omnibus
1345 3941 1469 4013 peccatis
1482 3941 1535 3998 tuis

214 4023 350 4096 perducat
370 4029 399 4078 te
423 4022 482 4079 siue
500 4023 604 4078 macula
625 4022 802 4093 congaudio
822 4024 850 4079 iu
864 4024 948 4080 vitam
962 4032 1109 4082 aeternam.
1134 4023 1230 4081 Amen.
1266 4025 1467 4096 Indulgentiam
1480 4033 1533 4084 etc.
1578 4056 1582 4061 ·

214 4108 319 4164 Deinde
336 4124 414 4164 maon
436 4123 518 4179 super
537 4114 618 4180 caput
637 4108 793 4164 confitentis
804 4108 907 4181 posita:
925 4109 1055 4167 Dominus
1069 4118 1164 4167 noster
1179 4112 1199 4167 l.
1214 4109 1244 4170 D.
1259 4115 1287 4165 te
1301 4110 1428 4167 absolvat
1439 4118 1468 4168 et
1479 4126 1535 4182 ego

215 4191 330 4248 absoluo
345 4199 373 4247 te
388 4208 404 4246 a
420 4191 527 4247 vinculo
544 4192 831 4250 excommunicationis
842 4193 953 4250 minoris
969 4201 997 4250 et
1011 4212 1026 4251 a
1038 4190 1159 4268 peccatis
1174 4195 1228 4252 tuis
1242 4194 1269 4251 in
1281 4194 1393 4253 nominc
1401 4194 1492 4252 Patris
1507 4202 1536 4252 et

214 4272 278 4331 Filii
289 4282 317 4330 et
328 4275 444 4349 Spiritus
455 4275 557 4335 Sancti.
584 4276 737 4333 Removens
753 4294 858 4334 manum
868 4278 920 4335 istc
931 4279 1090 4351 subiungas:
1104 4280 1200 4338 Pcssio
1211 4286 1265 4336 etc.
1286 4266 1452 4337 Ac'demum
1467 4295 1536 4336 con-

215 4357 351 4415 cludendo
366 4359 439 4416 dicat
452 4360 536 4416 latine
546 4360 591 4416 uel
606 4362 780 4431 germanice:
801 4361 873 4419 liceo
883 4364 937 4418 iam
952 4381 1033 4422 sanus
1048 4365 1134 4423 iaetus
1145 4383 1191 4437 es,
1204 4364 1262 4422 noli
1273 4365 1388 4437 amplius
1404 4380 1536 4439 peccare,

111 4460 116 4468 ’
214 4457 250 4498 nc
263 4443 312 4500 tihi
327 4442 428 4515 aliquid
443 4444 564 4501 deterius
579 4446 731 4517 contingat.
754 4444 833 4502 Vade
846 4449 874 4504 in
889 4464 967 4519 pace.

275 4524 307 4602 2)
320 4527 394 4583 llaec
408 4529 492 4584 verba
508 4546 573 4585 vere
585 4536 647 4586 sunt
661 4530 695 4585 de
708 4530 873 4587 necessitate
888 4540 917 4588 et
927 4534 1046 4593 essentia
1058 4532 1236 4604 Sacramenti,
1250 4549 1434 4606 necunquam
1446 4532 1537 4592 omitti

194 4634 199 4647 ι
215 4618 339 4682 possunt,
354 4619 383 4669 at
394 4613 419 4671 si
430 4614 835 4703 omitterentur-:Sacramentum
844 4616 1036 4707 iuspericctum
1045 4625 1127 4708 „⁰93”
1136 4625 1218 4707 atquc
1232 4617 1390 4710 invalidum.
