3202 5176
813 335 888 408 244

208 595 213 599 .
296 523 374 618 Ego
401 522 442 595 N.
468 521 610 596 Electus
636 523 808 597 ccclesiae
829 521 870 594 N.
895 520 937 594 ab
959 520 1025 593 hac
1047 520 1132 593 bora
1153 522 1188 591 in
1210 532 1311 594 antea
1333 520 1447 596 fidelis
1473 536 1508 598 et

196 628 363 701 obediens
389 647 451 697 ero
474 625 504 695 b.
530 625 634 696 Petro
656 625 829 720 Apostolo
857 624 1065 717 sanctaeque
1083 622 1260 695 Romanae
1281 625 1453 699 ecclesiae
1473 638 1509 699 et

195 733 342 803 Domino
361 736 481 800 nostro
507 726 654 797 Domino
680 725 720 798 N.
748 728 863 825 Papae
889 724 930 797 N.
958 728 1097 819 suisque
1120 727 1381 800 successoribus
1403 751 1508 802 cano-

195 835 272 905 nice
301 828 510 902 intrantibus,
563 826 643 899 Non
668 850 730 900 ero
755 832 792 899 in
809 829 955 927 consilio
979 837 1037 898 aut
1064 848 1249 916 consensu,
1275 830 1336 900 vel
1356 840 1447 903 tacto
1472 843 1508 904 ut

193 937 299 1007 vitam
324 931 468 1028 perdant
494 940 552 1001 aut
571 930 772 1019 membrum,
794 953 858 1005 seu
879 931 1055 1024 capiantur
1075 928 1165 1000 mala
1186 933 1364 1024 captione:
1388 937 1508 1004 autin

194 1057 256 1109 eos
283 1035 457 1106 violenter
485 1054 604 1105 manus
627 1032 884 1128 quomodolibet
903 1034 1105 1123 ingerantur
1128 1030 1188 1102 vel
1207 1034 1351 1103 iniuriae
1370 1034 1507 1127 aliquae

194 1136 405 1226 inferantur,
441 1137 565 1227 quovis
593 1136 749 1228 quaesito
776 1134 905 1205 colore.
960 1128 1149 1207 Consilium
1170 1154 1278 1222 vero,
1308 1135 1400 1227 quod
1426 1137 1507 1207 milri

194 1238 359 1312 credituri
387 1244 484 1324 sunt,
518 1258 581 1332 per
609 1258 662 1309 se.
677 1244 735 1306 ant
761 1238 897 1310 nuutios
930 1256 1035 1323 suos.
1062 1255 1126 1307 seu
1152 1235 1285 1309 litteras
1318 1236 1362 1306 ad
1384 1259 1505 1310 eorum

195 1341 354 1414 damnum
381 1360 436 1409 me
464 1340 596 1410 sciente
617 1339 744 1408 nemini
765 1337 921 1432 pandam.
974 1335 1139 1431 Papatnm
1161 1336 1355 1408 Romanum
1380 1348 1415 1409 et
1436 1339 1506 1410 Re-

192 1442 285 1536 galia
310 1442 420 1516 sancti
440 1439 534 1510 Petri
558 1438 692 1511 adiutor
718 1441 769 1513 eis
796 1460 858 1510 ero
885 1439 929 1515 ad
949 1438 1164 1509 retinendum
1185 1448 1220 1509 et
1240 1439 1503 1530 defendendum,

193 1544 294 1618 salvo
326 1564 404 1614 meo
438 1539 559 1612 ordine
582 1550 700 1632 contra
720 1561 856 1611 omnem
881 1540 1062 1613 bominem.
1103 1538 1270 1632 Legatum
1290 1543 1504 1637 apostolicae

192 1645 287 1720 sedis
317 1647 352 1714 iu
380 1641 498 1714 eundo·
513 1651 547 1714 et
567 1640 745 1713 redeundo
767 1641 954 1715 honorilice
976 1641 1130 1714 tractabo
1150 1652 1185 1713 et
1202 1644 1238 1713 in
1257 1646 1328 1717 suis
1353 1648 1503 1718 necessi-

162 1794 168 1807 ·
191 1746 318 1820 tatibus
349 1743 532 1816 adiuvabo.
583 1742 682 1833 lura,
704 1742 875 1834 bonores,
901 1743 1085 1840 privilegia
1106 1748 1400 1816 etauctoritatem
1418 1743 1503 1819 San-

192 1858 269 1920 ctae
287 1848 464 1919 Romanae
484 1843 668 1934 ecclesiae,
685 1844 824 1916 Domini
840 1849 950 1921 nostri
965 1845 1083 1940 Papae
1097 1855 1133 1915 ct
1149 1867 1390 1920 successorum
1402 1870 1503 1942 prae

193 1950 360 2022 dictorum
379 1967 603 2036 conservare,
622 1946 823 2037 defendere,
842 1968 972 2041 angere
992 1956 1026 2017 et
1045 1968 1254 2045 promovere
1272 1948 1409 2020 curabo.
1431 1948 1502 2020 Ne-

193 2074 259 2146 que
287 2072 349 2121 ero
376 2053 412 2121 in
432 2049 596 2138 consilio,
618 2049 679 2121 vel
700 2048 806 2139 lacto,
832 2070 897 2123 seu
917 2058 1083 2140 tractatu,
1106 2052 1142 2122 in
1163 2049 1285 2144 quibus
1300 2061 1424 2123 ¹contra
1449 2054 1501 2146 ip-

120 2146 132 2159 ‘
190 2175 269 2239 sum
294 2153 477 2224 Dominum
505 2159 660 2224 nostrum
692 2151 754 2222 vel
788 2150 931 2223 eandem
954 2151 1144 2224 Romanam
1176 2153 1362 2225 ecclesiam.
1384 2153 1501 2247 aliqua

191 2258 328 2330 sinistra
355 2254 416 2327 vel
445 2252 702 2348 praeiudicialia
724 2273 970 2348 personarum,
1002 2256 1105 2343 iuris,
1139 2253 1433 2343 honoriaeque
1465 2264 1501 2326 et

189 2358 369 2454 potestatis
395 2377 515 2426 eorum
536 2354 780 2427 machinentur.
819 2353 865 2426 Et
886 2357 918 2429 si
937 2356 1018 2429 talia
1039 2377 1060 2425 a
1083 2356 1341 2452 quibuscunque
1362 2359 1502 2428 tractari

189 2459 250 2531 vel
277 2458 457 2552 procurari
484 2478 639 2546 novero,
671 2456 854 2551 impediam
879 2457 947 2530 hoc
972 2479 1164 2553 proposse
1191 2468 1225 2529 et
1247 2467 1386 2553 quanto·
1400 2460 1498 2532 citius

188 2571 311 2656 potero
331 2558 529 2652 significabo
549 2558 660 2629 eidem
681 2558 830 2630 Domino
851 2570 985 2647 nostro,
1004 2559 1063 2631 vel
1084 2559 1196 2650 alteri,
1216 2580 1402 2655 perquem
1420 2580 1500 2654 pos·

188 2664 232 2736 sit
252 2661 296 2734 ad
317 2664 423 2756 ipsius
449 2663 603 2754 notitiam
620 2665 814 2757 pervenire.
867 2661 1021 2754 Regulus
1041 2671 1236 2736 sanctorum
1262 2661 1419 2749 Petrum.
1442 2661 1500 2732 de-

189 2774 303 2851 creta,
327 2764 559 2837 ordinationes
578 2785 642 2837 seu
665 2765 924 2859 dispositiones,
946 2766 1203 2838 reservationes
1226 2774 1261 2835 et
1279 2765 1499 2859 provisiones

189 2876 224 2937 et
251 2864 408 2935 mandata
442 2864 632 2958 apostolica
659 2869 739 2937 totis
766 2866 897 2940 viribus
924 2865 1119 2941 observabo
1147 2865 1331 2937 etfaciam
1353 2864 1397 2935 ab
1423 2866 1497 2939 aliis

188 2967 378 3041 observari.
438 2964 660 3054 Haereticam
691 2966 926 3042 schismaticos
960 2980 995 3040 et
1026 2968 1177 3041 rebelles
1207 2968 1319 3039 eidem
1350 2966 1497 3039 Domino

187 3079 306 3142 nostro
331 3067 391 3139 vel
413 3067 672 3142 successoribus
693 3070 878 3162 praedictis
902 3092 966 3166 pro
992 3092 1097 3166 posse
1119 3067 1337 3167 impugnabo.
1384 3067 1496 3139 Voca-

187 3182 242 3244 tus
264 3169 307 3239 ad
334 3169 504 3263 synodum
524 3171 661 3241 veniam
686 3173 753 3243 nisi
774 3160 995 3268 praepeditus
1014 3171 1115 3244 luero
1135 3175 1300 3245 canonica
1317 3171 1497 3266 praepedi-

186 3275 289 3347 tione.
342 3271 592 3366 Apostolorum
618 3271 732 3343 limina
755 3275 898 3366 singulis
922 3277 1076 3348 trienniis
1098 3275 1413 3370 personaliterper
1438 3293 1495 3341 me

186 3376 298 3468 ipsum
317 3372 464 3446 visitabo
487 3382 521 3444 et
542 3374 690 3446 Domino
716 3385 835 3447 nostro
858 3398 900 3447 ac
921 3376 1180 3452 successoribus
1206 3374 1366 3473 praelatis
1389 3376 1496 3444 ratio-

85 3519 88 3524 ·
186 3496 266 3547 nem
291 3475 434 3546 reddam
460 3476 503 3546 de
527 3485 599 3549 toto
628 3499 707 3549 meo
735 3479 900 3572 pastorali
925 3477 1040 3550 officio
1054 3501 1108 3549 ‚ac
1130 3480 1173 3550 dc
1195 3478 1299 3554 rebus
1325 3475 1496 3564 omnibus,

186 3575 230 3648 ad
251 3597 350 3648 meae
372 3578 541 3651 ecclesiae
564 3588 707 3670 statum,
734 3579 777 3649 ad
800 3581 886 3651 cleri
911 3590 946 3651 et
968 3581 1090 3678 pepuli
1111 3581 1341 3677 disciplinam.
1367 3581 1493 3649 anima-

185 3700 262 3751 rum
291 3678 437 3773 denique
466 3703 554 3774 quae
585 3704 684 3753 meae
708 3679 787 3751 fidei
813 3681 958 3753 traditae
980 3694 1058 3757 sunt
1077 3682 1222 3757 salutern
1243 3674 1367 3778 quovis
1388 3680 1492 3751 modo

100 3809 104 3812 ·
186 3781 431 3876 pertinentibus
458 3792 493 3852 et
513 3785 665 3856 vicissim
686 3783 843 3856 mandata
865 3785 1056 3880 apostolica
1081 3784 1253 3855 humiliter
1270 3784 1434 3877 recipiam
1459 3791 1494 3852 et

188 3904 289 3978 quam
318 3883 582 3975 diligentissime
596 3907 766 3980 exequar·
816 3884 916 3970 Quod
938 3889 968 3960 si
993 3887 1147 3979 legitimo
1171 3885 1412 3982 impedimento
1434 3882 1493 3954 de-

97 3980 100 3986 ’
185 3994 299 4060 tentus
330 3985 452 4075 fuero,
481 3986 637 4083 praelata
667 3990 778 4059 omnia
808 3987 1001 4084 adimplebo
1028 4011 1091 4085 per
1117 3999 1247 4087 certum
1273 3989 1428 4058 nuntium
1449 3984 1493 4055 ad

87 4124 91 4128 ·
185 4085 253 4159 hoc
286 4088 437 4182 speciale
469 4089 661 4161 mandatum
690 4088 871 4160 habentem
881 4123 899 4180 ,·
925 4089 970 4162 de
1004 4092 1137 4183 gremio
1169 4091 1236 4159 mei
1270 4087 1409 4183 capituli
1433 4096 1494 4157 aut

184 4188 289 4260 alium
314 4193 349 4261 in
372 4190 534 4282 dignitate
558 4191 791 4263 ecclesiastica
814 4193 1127 4282 constitutum‚'seu
1148 4192 1250 4263 alium
1272 4192 1494 4286 personatum

185 4288 382 4384 babentem3
405 4303 474 4383 aut,
492 4292 544 4365 his
562 4289 644 4362 mihi
657 4292 900 4382 deficientibus,
916 4316 980 4390 per
993 4295 1236 4380 dioecesanum
1250 4290 1493 4378 Sacerdotem,

185 4399 219 4463 cl
239 4391 335 4463 clero
356 4394 534 4465 deficiente
555 4396 705 4483 omnino,
727 4417 790 4490 per
808 4391 961 4490 aliquem'
975 4397 1080 4468 alium
1100 4395 1346 4490 Presbyterum
1372 4415 1494 4468 saecu-

183 4491 305 4585 larem,
333 4496 391 4568 vel
411 4497 620 4590 regularem,
646 4505 820 4594 spectatae
841 4498 1020 4593 probitatis
1047 4508 1081 4571 et
1101 4498 1280 4590 religionis
1306 4496 1350 4568 de
1372 4516 1493 4593 supra·

184 4593 282 4672 dictis
303 4597 457 4674 omnbus
474 4599 577 4697 plene
592 4601 801 4676 instructum.
835 4598 889 4672 De
906 4599 1100 4681 huiusmodi
1117 4610 1231 4674 autem
1247 4599 1492 4698 impedimento
