3202 5176
783 353 878 425 ,312

282 539 341 612 Ad
364 561 473 609 nores.
526 535 627 628 Ungo
651 535 712 610 luas
737 557 840 610 nares
864 534 944 607 oleo
966 537 1117 609 sancto
1106 557 1142 607 m
1167 536 1306 608 nomine
1327 535 1501 610 Patriset

181 638 260 712 Filii
280 651 313 712 et
340 636 486 735 Spiritus
508 635 624 711 Sancti
648 639 807 731 quicquid
826 639 934 710 noxio
958 647 1171 709 contractum
1194 648 1246 713 est
1269 638 1418 771 odoratu
1440 639 1500 710 vel

182 741 370 838 superfluo,
399 742 462 814 ista
484 739 653 811 emaculet
678 740 870 813 medicatio.
880 737 910 835 1)

282 845 341 917 Ad
364 843 466 914 ladio.
519 838 620 934 Ungo
650 840 739 913 labia
761 843 825 914 ista
852 841 1045 913 consecrati
1065 842 1135 911 olei
1156 840 1427 929 medicamentm
1463 850 1499 912 ut

182 944 342 1041 quioquid
366 947 476 1017 otiosa
501 943 561 1013 vel
584 946 765 1016 criminosa
787 944 941 1037 peccasti
962 942 1151 1032 locutione⁷
1179 943 1293 1015 divina
1315 943 1497 1014 clementia

181 1049 384 1135 miserante,
413 1055 626 1140 expurgetur
652 1046 717 1115 hac
742 1048 912 1132 unctione.
922 1040 957 1140 2)

284 1150 375 1220 Atta.
409 1146 448 1218 In
468 1149 605 1217 nomine
627 1148 737 1220 Patris
760 1156 794 1217 et
813 1125 892 1218 Filii
913 1155 947 1216 et
968 1141 1114 1239 Spiritus
1136 1143 1253 1220 Sancti
1269 1148 1316 1220 sit
1333 1145 1395 1216 tibi
1412 1144 1497 1214 haec

180 1253 297 1322 unctio
324 1248 394 1320 olei
421 1248 620 1322 sanctificati
642 1250 685 1319 ad
710 1247 982 1343 purificationem
1003 1249 1125 1319 mentis
1152 1258 1187 1319 et
1213 1250 1372 1344 corporis
1401 1255 1435 1316 et
1457 1247 1497 1316 ad

181 1355 353 1424 munimen
380 1351 477 1422 etad
500 1351 733 1423 defensionem
754 1359 873 1421 contra
894 1349 1007 1420 iacula
1026 1351 1239 1420 inimicorum
1262 1349 1495 1445 spiritualium.

283 1455 324 1525 Ιιι
342 1464 477 1546 pultare.
530 1452 663 1545 lnungo
687 1463 720 1523 te
744 1455 778 1523 in
804 1463 942 1543 gutture
972 1451 1014 1522 de
1042 1451 1121 1522 oleo
1152 1463 1271 1524 sancto
1298 1452 1497 1522 innomine

181 1555 292 1627 Patris
315 1565 349 1625 et
370 1553 450 1625 Filii
472 1565 505 1624 et
524 1551 671 1649 Spiritus
695 1553 828 1626 Sanctia
856 1563 893 1625 ut
915 1574 984 1623 non
1005 1554 1110 1624 lateat
1132 1556 1271 1648 spiritus
1291 1553 1497 1639 immundus

181 1677 295 1750 neque
325 1658 361 1726 iu
382 1656 561 1743 memhris‚
592 1678 710 1776 neque·
732 1660 766 1727 in
792 1655 969 1744 medullis,
1003 1676 1116 1749 neque
1139 1659 1173 1725 in
1199 1655 1270 1726 ulla
1293 1658 1496 1750 compagine

179 1758 431 1836 membrorum:
459 1758 521 1832 sed
549 1757 710 1829 habitet
701 1781 736 1828 m
761 1769 795 1828 te
824 1761 930 1833 virtus
960 1753 1084 1830 Christi
1110 1757 1264 1831 altissimi
1290 1767 1324 1828 et
1350 1759 1496 1853 Spiritus

181 1857 318 1933 Sancti·
345 1869 512 1953 quatenus
538 1883 601 1954 per
623 1861 722 1933 huius
746 1862 982 1956 operationem
1007 1862 1163 1952 mysterii
1189 1871 1224 1932 et
1248 1860 1422 1954 perhanc
1445 1875 1498 1931 sa

182 1965 269 2032 orati
289 1961 358 2032 olei
383 1966 578 2033 unctionem
600 1972 700 2055 atque
723 1972 874 2034 nostram
895 1962 1186 2057 deprecationem,
1208 1965 1336 2034 virtute
1358 1970 1497 2035 sanctae

183 2061 356 2135 Trinitatis
383 2063 571 2134 medicatus
598 2067 673 2136 sive
700 2064 804 2153 lotus,
831 2067 1005 2160 pristinam
1029 2072 1063 2134 et
1082 2063 1296 2136 melioratam
1315 2066 1497 2160 percipere

180 2167 347 2237 merearis
371 2162 599 2262 sanitatem.³)

283 2266 341 2340 Ad
355 2276 475 2362 pecten
513 2266 614 2358 Ungo
635 2276 755 2361 pectus
776 2278 869 2338 tuum
890 2266 933 2337 de
954 2266 1033 2338 oleo
1050 2277 1182 2355 sancto,
1200 2276 1237 2337 ut
1253 2265 1321 2338 hoc
1335 2267 1497 2336 unctione

182 2378 371 2464 protectus⁷
392 2369 527 2440 fortiter
549 2380 684 2440 certare
705 2369 824 2443 valeas
848 2369 1016 2441 adversus
1039 2369 1218 2442 aethereas
1239 2362 1462 2462 catervast4)

284 2469 387 2563 Ungo
414 2471 529 2541 locum
555 2471 670 2552 cordis
697 2473 777 2542 oleo
805 2471 965 2544 divinitus
989 2470 1219 2561 sanctificato,
1252 2471 1401 2543 coelesti
1426 2490 1497 2539 mu-

180 2590 267 2642 nere
289 2571 388 2643 nobis
411 2570 569 2642 attributo
593 2576 784 2644 innomine
810 2584 950 2646 sanctae
973 2580 1007 2641 et
1029 2571 1225 2644 individuae
1246 2571 1441 2644 Trinitatis:
1461 2580 1497 2640 ut

181 2676 255 2767 ipsa
274 2684 309 2744 te
328 2675 470 2745 interius
490 2670 712 2769 exteriusque
730 2676 881 2747 sanando
900 2673 1071 2746 vivificetz
1094 2698 1181 2770 quae
1200 2677 1399 2750 universam
1416 2693 1497 2745 con·

76 2814 79 2822 =
184 2774 346 2846 ditionem
367 2797 482 2861 suam,
510 2796 554 2847 ne
578 2786 716 2869 pereat7
743 2781 902 2848 continet
911 2773 945 2870 5)

284 2877 341 2946 Ad
363 2877 526 2969 scopulos.
579 2875 680 2969 Ungo
716 2876 776 2948 has
810 2878 968 2972 scapulas
998 2880 1074 2950 sive
1089 2877 1253 2950 medium
1278 2873 1498 2972 scapularum

184 2973 227 3045 de
251 2975 330 3046 oleo
357 2989 492 3048 sacrato
511 2980 546 3046 in
566 2981 703 3048 nomine
726 2977 834 3048 Patris
858 2988 893 3047 et
914 2976 992 3047 Filii
1014 2989 1048 3049 et
1071 2978 1216 3076 Spiritus
1239 2978 1369 3067 Sancti7
1393 2987 1429 3048 ut
1453 2999 1498 3046 ex

184 3079 276 3147 omni
303 3087 403 3172 parte
429 3077 572 3172 spiritali
596 3081 811 3174 protectione
837 3082 1003 3168 munitus,
1034 3083 1144 3151 iacula
1165 3080 1326 3153 diabolici
1350 3083 1497 3201 impetus

182 3179 329 3249 viriliter
361 3189 582 3251 contemnere
615 3202 656 3249 ac
687 3180 811 3275 procul
837 3183 956 3276 possis
983 3203 1059 3251 cum
1084 3173 1234 3254 robore
1231 3184 1378 3348 superui
1400 3184 1499 3252 iuva

185 3281 284 3351 minis
305 3280 488 3379 repellere.
499 3279 531 3376 ⁶)

283 3382 342 3454 Ad
361 3403 485 3454 manua.
538 3380 639 3474 Ungo
667 3382 728 3456 has
751 3405 869 3455 manus
898 3384 978 3455 oleo
1000 3396 1136 3459 sacrato
1163 3388 1198 3456 in
1224 3387 1359 3458 nemim
1382 3383 1498 3454 Patris

184 3530 388 3551 -ψ--η-

94 3608 101 3617 ·
130 3634 140 3654 ι
182 3617 264 3656 aures
275 3603 400 3673 eorporis
415 3600 453 3657 tui
469 3609 496 3658 et
510 3619 560 3675 per
573 3602 622 3659 has
637 3602 772 3660 fenestras
784 3603 902 3676 recipias
916 3603 1034 3661 auditum
1048 3605 1155 3677 gratiae
1168 3605 1340 3664 remissionis
1354 3599 1456 3660 christi
1471 3604 1498 3659 io

181 3685 263 3741 vitam
275 3687 443 3742 aeternam.“
538 3715 548 3733 ·

246 3764 275 3841 l)
292 3770 350 3829 liat.
363 3769 465 3825 Theod.
477 3768 550 3825 Rem.
564 3786 665 3839 „nares
681 3769 707 3824 in
723 3770 875 3827 summitate
890 3778 916 3826 el
929 3771 1024 3829 subtus
1033 3781 1170 3845 ungantur
1181 3773 1270 3830 crucis
1285 3773 1399 3830 modo.“

242 3845 274 3925 ι)
289 3852 348 3908 Rat.
362 3853 465 3911 Theod.
477 3852 551 3909 Rem.
564 3854 706 3923 „exterius
717 3871 824 3911 erucem
837 3869 919 3929 super
930 3863 1046 3912 mentum
1057 3864 1085 3914 et
1097 3866 1191 3929 guttam
1201 3857 1360 3914 faciendo.“
1383 3857 1420 3913 At
1431 3872 1498 3914 vero

180 3937 251 4009 opud
263 3936 365 3992 Theod.
379 3938 427 3993 Til.
444 3943 472 3992 et
485 3937 527 3996 El.
543 3937 635 3994 unctio
650 3939 677 3994 in
694 3939 767 4006 collo
783 3947 810 3995 et
822 3947 932 4010 gutture
944 3940 1053 3998 diversa
1069 3950 1112 4000 est
1122 3944 1155 3999 ab
1168 3942 1297 3999 unctione
1308 3942 1452 3998 lubiorum.

239 4014 272 4094 3)
239 4019 411 4078 30ccurrit
426 4021 520 4097 Oratio
531 4023 558 4078 in
572 4022 614 4077 lli.
631 4040 664 4078 ao
674 4023 759 4094 aem„
771 4023 821 4081 sed
832 4024 870 4080 ibi
882 4026 1054 4097 subsequitur
1069 4034 1154 4084 totam
1166 4016 1321 4084 unctionum
1333 4027 1435 4083 seriem
1448 4042 1498 4082 ne-

180 4120 235 4175 que
253 4106 372 4176 pertinet
389 4105 422 4162 ad
440 4090 593 4164 unctionem
606 4107 733 4177 gutturis.
756 4110 868 4179 ignorat
878 4105 921 4166 El
937 4111 1047 4167 omnino
1058 4114 1185 4185 proprias
1197 4111 1327 4167 formulas
1341 4111 1368 4167 in
1383 4111 1500 4184 singulis

179 4189 306 4244 membris
318 4191 461 4260 ungendis.

241 4266 271 4342 4)
286 4273 379 4331 iubent
392 4274 434 4330 El.
450 4274 509 4330 ilat.
523 4274 645 4330 Theod.
636 4274 749 4344 rnuungi
764 4283 868 4347 peetus,
883 4284 958 4334 vetat
971 4279 1045 4335 uem.

173 4390 178 4399 -
241 4357 269 4420 5)
284 4356 396 4429 Propria
409 4374 471 4415 esse
483 4357 590 4415 videtur
600 4359 669 4414 haec
678 4358 773 4414 unctio
789 4360 884 4417 codici
898 4361 1012 4419 liliano.

207 4433 273 4512 5)
288 4437 330 4494 ill.
347 4441 438 4510 mter
451 4442 607 4514 scapulas
640 4443 713 4497 Rem.
729 4442 816 4512 „item
831 4460 914 4517 super
928 4447 1147 4518 hunerondum,
1163 4449 1217 4502 hoc
1233 4453 1275 4504 est
1289 4447 1429 4518 scapulas,
1444 4458 1502 4503 uon

179 4520 206 4576 in
220 4528 335 4592 pectore
347 4541 435 4596 neque
447 4526 519 4582 inter
530 4525 686 4598 scapulares
712 4483 814 4581 illeod.
826 4528 980 4600 „'primum
971 4540 1044 4590 mter
1054 4489 1179 4604 scapulas
1189 4544 1317 4612 magnam
1328 4546 1500 4589 caueamus

179 4604 399 4675 queadcollum.
399 4609 419 4640 ‘
447 4601 955 4676 aatcluisornanncitcomTitiam.
