3202 5176
761 313 837 384 210

142 517 174 572 rt
187 490 263 571 sciat
277 526 312 569 sc
324 506 361 568 ail
382 504 892 593 senceudcudaccclesideluminaria
906 507 1082 596 mapcipari:
1105 486 1233 588 accipiat
1253 516 1284 570 ct
1305 505 1459 570 urceolum

142 629 264 673 vacuum
278 609 314 671 ad
329 608 550 686 suggerendum
563 609 664 669 vinum
673 610 707 671 'lu
723 608 908 673 Eucburl'stia
922 609 1065 689 corporis
1081 602 1249 686 clarel)

244 711 403 774 Exorcista
422 728 495 773 enm·
509 695 676 789 ordinatur,
697 712 823 793 accipiat
840 711 878 771 ds
899 731 987 774 manu
1009 711 1152 792 Episcopi
1175 711 1329 789 libellam,
1347 711 1379 772 ln
1401 729 1460 791 quc

143 817 336 895 seripti‘snnt
357 812 522 874 Exorcismi
550 813 669 874 dicente
693 813 752 875 sibi
775 812 943 894 Episcopo:
971 805 1106 900 Accipe
1132 815 1168 877 et
1192 804 1398 877 commenda
1426 815 1461 876 et

143 907 268 980 habeto
298 914 503 1002 potestatem
537 906 736 1001 imponendi
763 926 900 977 manum
933 930 1042 1002 snper
1076 927 1350 999 energumenum
1384 908 1461 982 sive

138 1006 348 1106 baptizatum
370 1009 446 1082 sine
472 1008 753 1079 catechumenum
762 1005 807 1106 2).
889 1060 893 1066 -
964 1054 969 1060 -
1055 1013 1062 1027 '
1151 1027 1159 1041 ·
1504 1020 1511 1031 “

245 1120 353 1181 Lector
367 1119 431 1180 cnm
446 1119 615 1198 oldinatur,
626 1120 716 1181 faciat
731 1116 769 1181 de
787 1120 841 1181 illo
858 1119 981 1180 verbum
997 1119 1164 1200 Episcopus
1185 1119 1223 1182 ad
1240 1114 1375 1202 plebem,
1388 1117 1458 1181 indi·

144 1223 294 1283 conscius
308 1221 393 1282 lidcm
407 1202 498 1301 atqo'e
510 1223 671 1299 ingenium.
709 1224 782 1284 Post
795 1222 868 1283 baec
880 1214 1139 1303 spectanteplebe
1153 1221 1251 1284 tradat
1261 1222 1291 1282 ei
1313 1220 1458 1298 codicem,

144 1324 181 1386 de
200 1343 259 1403 quo
273 1324 404 1384 lecturus
418 1333 480 1400 cst,
498 1323 601 1384 dicens
617 1325 654 1384 ad
674 1342 755 1386 eum:
779 1313 913 1409 Accipe
941 1324 976 1385 ei
1002 1325 1078 1387 esto
1101 1315 1204 1388 verbi'
1223 1314 1291 1389 Dei
1312 1312 1458 1401 ualidior,

143 1415 345 1504 habiturus,
378 1419 408 1488 si
432 1415 579 1487 fideliter
603 1403 788 1499 etutililcr
810 1419 1010 1511 impleveris
1037 1415 1202 1506 oldcium7
1222 1424 1358 1512 partem
1384 1437 1458 1487 cum
1496 1412 1500 1419 ’

145 1516 216 1605 his,
240 1520 297 1611 qni
323 1517 469 1591 verbum
495 1518 562 1588 Dei
587 1515 960 1622 mmmsirapemori).
1017 1529 1044 1562 '-

176 1650 183 1666 '
246 1646 390 1707 ostiarius
405 1667 470 1708 cum
485 1645 647 1727 ordinatur,
657 1659 811 1729 postquam
825 1648 1090 1711 a'b-Arclrldiacono
1102 1650 1262 1709 instructus
1275 1645 1377 1721 lumb,
1391 1662 1457 1725 qna·

141 1748 211 1809 liter
225 1749 254 1808 in
268 1749 355 1810 domo
369 1748 427 1810 Dei
441 1749 549 1811 debeat
562 1753 745 1829 conversari,
765 1753 991 1829 asnggcstlcnc
1006 1750 1216 1819 Arcbidlaconi
1234 1748 1331 1810 trudat
1350 1746 1461 1826 ei‘Epiae

141 1866 251 1930 scopus
270 1850 369 1912 claves
392 1852 539 1924 ecclesiae
565 1853 603 1915 ds
626 1853 726 1930 altari,
760 1852 863 1914 dicens
891 1855 933 1914 ei:
960 1842 1021 1917 Sic
1047 1856 1115 1937 age
1140 1844 1238 1938 quasi
1262 1840 1457 1913 redditurus

142 1941 409 2014 Deucalionem
431 1966 496 2040 pro
518 1943 570 2018 bis
594 1945 710 2034 rebus,
733 1967 822 2053 quae
843 1944 916 2020 istis
935 1946 1091 2020 clavibus
1117 1937 1397 2038 reclndndmr‘).
1436 1954 1445 1969 ·

245 2071 414 2150 psalmon,
436 2074 466 2135 id
488 2084 534 2137 est
553 2070 679 2154 (iactor,
703 2084 805 2154 potest
825 2077 938 2158 absque
955 2077 1080 2140 scientia
1093 2074 1237 2157 Episcopi
1248 2072 1311 2134 sola
1319 2070 1457 2149 iussione

97 2254 101 2260 1
142 2172 315 2255 Presbyteri
336 2176 464 2236 cilicium
481 2176 634 2255 suscipere
654 2175 808 2256 cantandi,
835 2179 953 2241 dicente
980 2179 1037 2241 sibi
1064 2177 1261 2253 Presbytero:
1289 2162 1380 2234 Vide
1405 2171 1455 2251 ul,

69 2290 72 2295 ·
142 2265 234 2438 qnopl
256 2288 318 2337 ore
345 2276 481 2358 cantas,
508 2267 614 2358 ponde
638 2270 778 2375 credas,
806 2280 858 2360 et,
874 2273 975 2372 ‚qnod
1002 2271 1109 2344 c'orde
1135 2268 1269 2360 credis‚
1295 2264 1456 2365 operibus

130 2387 206 2462 pro
232 2389 294 2441 es.-

248 2478 488 2553 sanctimonialis
508 2481 597 2559 virgo
617 2501 681 2544 cum
701 2484 737 2545 ad
758 2484 1015 2573 commatationem
1036 2484 1081 2553 sui
1097 2481 1241 2565 Episcopi
1259 2481 1400 2560 suanm,
1427 2481 1453 2542 lu

131 2578 251 2643 talibus
279 2583 413 2643 vestibus
445 2583 628 2663 applicetur,
668 2585 803 2669 qualibus
833 2607 953 2669 semper
985 2604 1075 2649 usnra
1106 2591 1173 2662 est,
1214 2584 1410 2665 professioni·
1427 2590 1453 2643 ct

143 2682 358 2746 sanctimoniae
385 2685 461 2766 aptis
475 2672 521 2773 ⁶).

32 2965 36 2971 .
141 2907 246 2985 Item
274 2891 615 3010 Benedictiones
649 2933 791 3023 snper¹
813 2935 906 3022 eoos,
934 2920 1004 3011 qui
1040 2916 1188 2996 Sacris
1217 2892 1451 2996 Ordinibus
1485 2878 1488 2889 Ι

173 3030 181 3043 ’
510 3030 1101 3142 ··benedicendisunt.·.,
1204 3084 1206 3088 »

242 3158 469 3251 Praefatio
491 3177 681 3254 Ostiarii.
733 3184 847 3281 Deum
874 3149 1016 3273 Patrem.
1038 3188 1306 3292 omnipotentem
1330 3185 1455 3299 suppli·

22 3309 25 3312 ⁴
141 3283 227 3353 citer
246 3281 491 3377 deprecemur:
514 3293 551 3363 ut
571 3283 663 3365 hunc
679 3285 844 3363 famulum
864 3313 965 3380 suum
987 3298 1126 3369 nomine
1145 3305 1229 3370 illum
1248 3298 1453 3379 benedicere

142 3382 321 3474 dignetur,
348 3405 451 3478 quem
470 3389 506 3457 in
528 3382 676 3460 officium
700 3388 839 3464 Ostiarii
864 3393 1000 3486 eligere
1026 3396 1184 3490 dignatus
1205 3422 1264 3475 ess
1291 3413 1330 3474 nt
1354 3406 1399 3478 sit
1422 3408 1453 3476 ei

139 3482 336 3591 fidelissima
365 3508 448 3557 cura
474 3490 511 3566 in
543 3487 663 3562 diebus
688 3514 728 3562 ae
753 3495 914 3568 noctibas
941 3497 986 3567 ad
1011 3496 1263 3574 distinctionem
1296 3504 1452 3578 horarum

62 3584 67 3593 ’
95 3624 98 3631 .
141 3594 311 3658 certarum
334 3586 377 3657 ad
399 3589 628 3661 invocandum
654 3594 953 3675 nomenllomini.
1007 3599 1125 3700 Per⁸).
1178 3602 1194 3675 1
1203 3601 1296 3703 dem
1321 3606 1461 3695 Bene-¹

202 3807 233 3873 l)
256 3804 334 3900 Eis
351 3807 484 3865 cilicio
501 3825 563 3867 sno
584 3828 745 3882 agare-
765 3814 847 3877 -in
863 3819 1184 3887 eucharistiam-ll„
1204 3825 1450 3888 abdrcbidia·

141 3903 232 3945 cono
255 3889 392 3965 cundem
412 3892 767 3968 doccaturqnaliter
788 3900 927 3971 cilicio.
945 3920 1010 3969 suo
1028 3911 1450 3977 ugers--uirrurllu-

141 3973 326 4029 charistia.
360 3975 393 4031 E.
414 3976 449 4033 in
474 3978 609 4047 cilicio
627 3999 695 4047 suo
716 3983 833 4056 spera
848 4017 890 4039 «-
907 4018 950 4031 --
969 3987 1011 4046 ad
1033 3990 1249 4057 tundendum
1272 3996 1399 4058 uiuum.

206 4055 779 4131 2)C.E.commsndamcrnoriae.
867 4128 870 4133 ,
969 4106 972 4115 2
1347 4103 1354 4116 ·

112 4190 117 4199 .
203 4140 234 4217 3)
255 4143 285 4199 c.
303 4142 467 4203 lidernac'
482 4147 644 4207 vitam-
659 4160 738 4209 asto
755 4155 885 4226 lacior
901 4159 1003 4215 uerbi
1019 4159 1216 4228 lici—cum
1238 4164 1303 4220 sis.
1397 4176 1440 4217 'se

204 4223 236 4300 4)
256 4228 285 4283 G.
303 4229 345 4291 dc
366 4231 498 4293 altario
517 4232 547 4288 G.
559 4235 593 4290 lll.
605 4235 636 4291 Ε,
655 4237 695 4293 ad
715 4241 988 4312 suggestionem
1000 4245 1105 4303 Arcb.
1121 4246 1376 4313 --dicansc
1396 4234 1449 4306 Sis

141 4324 217 4404 ³⁸⁸:
270 4312 299 4367 G.
329 4315 383 4371 his
411 4315 584 4379 clavibus.
623 4320 665 4390 E.
697 4323 951 4384 recluduntur.
1004 4328 1045 4387 Et
1071 4330 1193 4394 tradat
1218 4333 1249 4389 ei
1274 4334 1449 4397 illacensi

139 4399 487 4457 ostuumecclcsiae.
990 4403 995 4411 '
1091 4425 1097 4435 ·

202 4448 908 4565 aldeneepiscopo-fflap'plicatnr.
1196 4528 1201 4537 ·
1250 4540 1257 4555 .
1462 4560 1466 4567 ,

200 4558 233 4637 6)
254 4564 287 4618 Μ.
307 4565 405 4624 omittit
420 4571 559 4635 nominis
579 4573 974 4674 lllpm·ucperperamlsgit
992 4579 1196 4677 coriarium·
1241 4581 1275 4643 E.
1296 4562 1451 4655 lanitia
