3202 5176
764 383 839 455 290

240 564 348 639 Multa
386 561 523 657 quidem
556 562 703 633 Domine
739 573 776 635 et
807 560 1067 633 innumerabilia
1097 569 1176 632 sunt
1209 560 1336 632 delicta
1366 581 1456 650 mea,

98 715 105 720 -
139 690 229 763 quae
249 664 428 738 recordari
449 685 610 758 nequeo,
632 666 668 733 ιι
693 662 813 753 laetis,
834 666 869 733 ιιι
896 664 994 735 dictis
1020 672 1054 734 et
1081 660 1365 755 cogitationibus,
1394 685 1456 756 pro

141 770 263 864 quibus
291 765 446 839 omnibus
473 769 599 838 misera
622 785 718 837 mens
741 786 818 836 mea
843 764 1011 835 interdum
1029 767 1107 835 acri
1128 766 1338 859 poenitentia
1364 786 1458 834 com-

139 874 299 966 pungitur
321 879 354 940 et
376 870 556 939 cruciatur.
596 865 749 960 Ideoque
767 867 947 940 consilinum
963 875 1070 955 tuum,
1089 868 1157 938 imo
1175 864 1334 936 iudicium
1350 876 1456 954 tuum,

140 975 198 1065 qui
227 981 406 1064 sequester
435 985 476 1040 ac
501 968 634 1042 medius
660 971 748 1041 inter
768 969 880 1040 Deum
901 991 942 1038 ac
962 977 1182 1062 peccatorem
1203 967 1376 1038 hominem
1403 989 1456 1038 or-

142 1072 274 1145 dinatus
298 1094 357 1161 es,
379 1071 527 1166 supplex
549 1070 737 1165 deprecor,
761 1081 796 1142 ct
814 1080 851 1141 ut
876 1092 939 1165 pro
967 1069 1096 1162 eisdem
1118 1071 1270 1167 peccatis
1296 1071 1382 1141 meis
1409 1072 1457 1139 in-

138 1183 314 1247 lercessor
338 1174 480 1262 existas,
503 1172 675 1243 humiliter
694 1173 851 1267 implore.
900 1180 966 1256 Quo
983 1190 1105 1261 peracto
1119 1188 1289 1261 prosternat
1303 1197 1338 1240 se
1350 1178 1456 1240 iterum

139 1287 171 1346 ιι
183 1294 289 1346 terram
306 1292 336 1344 ct
350 1285 475 1361 gemitus
490 1292 578 1362 atquc
591 1284 718 1363 suspiria
736 1293 765 1346 ιι
778 1283 929 1360 lacrimas,
951 1292 1040 1364 prout
1053 1284 1133 1346 Deus
1148 1283 1282 1360 dederit,
1303 1280 1340 1342 ab
1355 1283 1455 1345 intimo

141 1387 239 1449 cordis
253 1383 405 1467 producat.
414 1372 445 1472 1)

209 1487 400 1562 ,absolutio
416 1487 577 1547 criminum.
632 1548 635 1553 ,

242 1579 448 1653 Misereatur
474 1581 523 1648 tui
555 1580 769 1673 omnipotens
787 1577 883 1651 Deus
917 1588 951 1650 et
983 1579 1135 1651 demittat
1155 1577 1216 1648 tibi
1237 1576 1349 1648 omnia
1375 1600 1455 1672 pec-

140 1691 216 1754 oata
248 1693 326 1771 tua,
357 1683 561 1776 praeterita,
586 1682 783 1775 praesentia
811 1691 846 1752 et
868 1680 999 1771 futura,
1027 1681 1177 1754 visibilia
1201 1690 1234 1749 et
1259 1678 1454 1769 invisibilia,

140 1798 228 1878 quac
255 1785 455 1856 commisisti
476 1803 593 1853 coram
616 1805 658 1854 ec
679 1792 713 1854 et
739 1786 866 1857 sanctis
893 1785 980 1872 eius,
1003 1806 1092 1878 quae
1119 1779 1300 1872 confessus
1323 1802 1374 1870 es,
1397 1782 1456 1853 vel

138 1907 202 1981 per
231 1884 378 1978 aliquam
405 1884 651 1976 negligentiam
683 1905 747 1956 seu
777 1883 987 1955 oblivionem
1016 1885 1076 1956 vel
1097 1883 1376 1962 malevolentiam
1398 1882 1455 1952 ab·

140 1988 317 2076 scandisti,
338 1984 461 2056 liberet
482 1995 517 2056 te
539 1985 636 2058 Deus
662 1986 704 2057 ab
727 1988 818 2057 omni
840 1987 945 2075 malo,
965 1986 1020 2056 hic
1043 1996 1077 2057 et
1098 1989 1133 2057 iu
1157 1986 1287 2074 futuro,
1315 2007 1454 2058 conser-

138 2097 199 2159 vet
229 2096 264 2158 et
293 2085 470 2161 confirmet
494 2096 529 2156 te
565 2108 701 2182 semper
726 2089 761 2156 in
790 2089 882 2158 omni
910 2109 1016 2182 opere
1046 2087 1138 2161 bono
1169 2097 1203 2158 ιι
1222 2085 1396 2180 perducat
1421 2096 1455 2156 te

47 2272 49 2279 Α
96 2278 97 2282 ¹
140 2185 295 2262 Christus
328 2186 415 2261 filius
433 2188 500 2258 Dei
528 2189 602 2260 vivi
634 2186 678 2257 ad
703 2190 809 2258 vitam
836 2190 910 2260 sine
936 2186 1003 2257 linc
1026 2199 1227 2260 manentem.
1281 2184 1349 2270 Qut
1369 2189 1471 2260 νιιιι

140 2299 175 2361 et
194 2291 361 2382 gloriatur
383 2291 418 2358 in
437 2288 556 2362 secula
579 2289 784 2367 seculorum.
837 2289 961 2360 Amen.
970 2285 1005 2385 2)

240 2401 313 2462 Post
338 2399 565 2461 ltaecsacerdos
580 2409 677 2464 cantet
690 2401 765 2462 istos
780 2401 925 2481 psalmos:
952 2391 1100 2464 Domine
1120 2413 1164 2463 ne
1186 2393 1221 2461 in
1241 2394 1361 2464 furore
1383 2403 1451 2465 luo.

138 2492 307 2567 Miserere
334 2496 403 2565 mei
423 2492 528 2566 Deus.
584 2491 674 2577 Quid
701 2495 862 2586 gloriaris
889 2495 925 2564 ia
958 2495 1093 2566 malitia.
1139 2493 1236 2569 Deus
1261 2498 1453 2567 innomine

204 2783 234 2863 1)
254 2789 353 2846 Damus
375 2785 454 2843 aliam
469 2784 656 2842 Confessionis
678 2786 819 2841 termulam
834 2803 849 2840 e
864 2781 967 2841 Codice
982 2800 1055 2865 saec,
1071 2783 1104 2840 X.
1122 2781 1282 2855 „Confiteor
1296 2785 1411 2841 Domino
1427 2794 1455 2841 et

139 2871 264 2928 omnibus
279 2870 380 2928 sanctis
397 2871 471 2939 eius,
488 2871 550 2940 quia
565 2869 677 2942 peccavi
692 2870 771 2926 nimis
786 2870 813 2925 in
830 2869 885 2939 vita
902 2886 961 2925 mea
976 2868 1004 2924 in
1020 2868 1200 2940 cogitatione,
1214 2870 1242 2925 in
1255 2870 1410 2939 locutione,
1426 2871 1454 2926 iu

77 3001 81 3007 .
140 2943 220 3023 actu,
240 2954 269 3009 ia
292 2952 534 3023 commessatione,
556 2953 583 3008 ιι
606 2954 733 3025 crapula,¹
758 2954 786 3009 ιι
806 2953 956 3023 ebrietate,
981 2952 1009 3008 in
1033 2953 1194 3009 curishuius
1213 2955 1319 3027 mundi,
1341 2955 1369 3010 in
1386 2946 1452 3019 coa-

136 3038 307 3110 cupiscentia
324 3038 431 3107 carnis,
445 3036 473 3110 in
488 3036 618 3107 avaritia,
632 3037 661 3092 in
675 3038 797 3108 luxuria,
811 3039 838 3094 ιι
853 3028 1037 3112 immunditia,
1052 3038 1080 3094 in
1096 3037 1257 3110 pollutione,
1272 3040 1299 3095 in
1314 3039 1450 3110 superbia,

138 3123 166 3179 ia
183 3138 252 3178 vana
269 3122 392 3193 gloria,'
385 3138 412 3177 ιι
427 3121 619 3217 arrogantia,
611 3138 639 3176 m
653 3122 812 3192 iactantia,'
805 3140 832 3178 ιι
845 3123 993 3193 velatione,
1005 3117 1074 3199 (ι)“
1066 3138 1094 3178 ιι
1112 3122 1325 3194 inobedentia,
1316 3141 1344 3178 ιι
1357 3131 1453 3179 contu·

138 3207 241 3276 macia,
257 3207 284 3262 in
300 3206 398 3262 duritia
409 3205 527 3276 ¹arentis,
543 3206 570 3261 in
588 3205 837 3278 contradictione,'
830 3225 859 3262 ιι
872 3207 1094 3305 murmuratione,
1109 3207 1135 3262 ιι
1149 3206 1368 3278 indignationes
1361 3224 1388 3262 ιι
1402 3207 1453 3263 dc-

139 3289 295 3386 spectione,
308 3290 337 3345 ιι
353 3284 566 3384 detractione,'
558 3307 586 3344 m
601 3290 659 3361 ira,
675 3290 703 3346 in
717 3290 822 3361 odio,
814 3308 842 3347 ιι
854 3291 970 3362 ιιιιιιιι
986 3309 1013 3347 ιι
1029 3291 1258 3363 maledictione,⁸
1238 3309 1276 3347 ιι
1291 3291 1451 3364 pertinacia,

138 3374 167 3429 in
182 3373 383 3467 ιοιιιιιιιιιι,
401 3373 429 3428 ιι
444 3371 648 3444 susurratione,
662 3375 690 3430 ιιι
705 3375 909 3445 mussitatione,
926 3375 955 3430 ιι
969 3354 1101 3448 periurio,
1116 3376 1145 3430 ιιι
1159 3373 1308 3444 mendacio,
1322 3374 1452 3444 inlurto,

136 3457 167 3513 ιι
181 3432 389 3529 negligentia,
381 3474 409 3513 ιι
424 3459 533 3515 tristitia
547 3458 624 3515 buius
643 3459 760 3530 seculi,
752 3476 780 3514 ιι
796 3459 900 3515 ιιιιιιιι
916 3476 996 3533 vana,
1011 3460 1039 3516 ιι
1054 3460 1227 3557 loquendo,
1219 3478 1246 3516 ιι
1260 3459 1431 3528 reticendo,
1424 3477 1454 3514 ιι

138 3541 307 3614 increpando
323 3543 533 3615 immoderate,
526 3559 552 3597 m
566 3543 730 3598 remittendo
747 3543 870 3614 incaute,
885 3545 912 3600 ιι
928 3541 1076 3601 dilectione
1088 3562 1166 3615 vana,
1185 3545 1212 3600 ιι
1227 3544 1454 3613 inclementiam

138 3625 344 3698 simulationes
336 3645 364 3682 ιι
379 3623 475 3699 rlsn,
468 3645 496 3683 m
510 3628 590 3697 ioco,
606 3627 633 3682 in
649 3628 854 3698 scurrilitate,
847 3645 875 3684 ιι
890 3629 1047 3685 seminando
1063 3623 1261 3700 discordiam,
1249 3647 1276 3684 nr
1290 3645 1360 3700 pace
1375 3628 1454 3698 lalsa,

137 3710 166 3766 ιι
179 3712 241 3767 licta
255 3711 384 3782 amicitia,
399 3711 426 3766 ιι
441 3712 561 3782 ignavia,
576 3711 604 3767 ιι
617 3713 747 3782 segnitie,
762 3712 790 3769 ia
805 3713 930 3787 auditu,'
923 3731 950 3770 ιι
966 3721 1059 3784 gustu,
1074 3714 1100 3769 ιι
1118 3714 1222 3784 ιιιιι,
1215 3731 1243 3769 ιι
1258 3703 1330 3784 visu,
1343 3713 1372 3768 ιι
1384 3712 1454 3768 odo-

137 3801 209 3866 ratu,
223 3796 251 3851 ιι
266 3795 390 3865 ιιιιιιο,Ι
380 3811 410 3851 ιι
425 3794 621 3869 accipienda·
611 3812 640 3851 m
656 3797 842 3868 contentione,
858 3798 1017 3876 accipiendo
1032 3815 1149 3854 usuram.

201 3875 326 3955 illlliae
341 3880 529 3937 absolutionis
555 3882 688 3938 formulae
706 3899 722 3938 e
737 3882 899 3938 membranis
914 3883 1035 3943 eiusdem
1050 3883 1125 3939 aevi:
1149 3883 1265 3953 „Frater
1280 3883 1311 3939 N.
1323 3882 1456 3938 Dominus

136 3966 158 4027 l.
175 3964 205 4021 (l.
227 3964 273 4038 qui
288 3964 427 4036 discipulis
442 3966 498 4021 suis
514 3966 594 4021 dixit:
622 3967 803 4038 Quaecunque
816 3967 968 4037 ligaveritis
984 3985 1067 4038 super
1082 3975 1183 4023 terram
1196 3973 1276 4024 erunt
1288 3967 1374 4037 ligata
1386 3974 1414 4021 et
1428 3966 1457 4020 in

138 4051 220 4106 coelo
235 4057 263 4106 et
278 4065 454 4122 quaecunque
468 4050 609 4107 solveritis
621 4057 699 4107 erunt
710 4051 799 4106 solutu
812 4057 844 4111 et
856 4051 884 4107 iu
900 4051 995 4121 coelo,
1011 4050 1060 4128 (dc
1076 4069 1189 4123 quorum
1204 4067 1317 4121 numero
1334 4051 1456 4122 quamvis

137 4149 188 4190 nos
205 4134 337 4206 indignos
354 4150 417 4190 esse
433 4133 533 4210 voluit)
547 4137 609 4206 lpse
623 4143 651 4192 te
666 4129 791 4191 absolvat
806 4152 857 4208 per
873 4135 1051 4193 ministerium
1065 4144 1187 4192 nostrum
1203 4137 1236 4191 ab
1252 4137 1376 4191 omnibus
1388 4151 1456 4206 pcc-

137 4218 205 4274 catis
222 4219 278 4276 tnis
301 4235 477 4291 quaeeunque
501 4220 689 4290 cogitatione,
715 4219 821 4276 lusione
835 4226 917 4290 atque
932 4221 1095 4292 operatione
1109 4222 1284 4291 negligenter
1299 4221 1382 4290 egisti
1396 4228 1424 4275 et
1441 4236 1456 4274 ι

117 4302 251 4371 ‚nexibus
266 4311 442 4373 peccatorum
456 4301 608 4361 absolutum
623 4302 774 4374 perducere
789 4303 919 4374 dignetur
934 4304 969 4361 ad
983 4315 1096 4376 regnum
1113 4307 1264 4365 coelorum.
1279 4304 1398 4364 Amen.“
1413 4333 1467 4356 -.

51 4461 54 4465 ι
136 4386 232 4440 Frater
247 4386 278 4439 lt.
301 4388 500 4444 absolutionem
515 4395 542 4444 et
556 4387 744 4444 remissionem
756 4397 934 4460 peccatorum
943 4397 1050 4446 tuorum
1062 4407 1111 4462 per
1122 4391 1324 4448 invocationem
1336 4388 1457 4444 nominis

137 4469 188 4523 rtet
204 4476 231 4524 ct
245 4486 296 4542 per
310 4471 486 4529 ministerium
500 4479 621 4530 nostrum
637 4473 782 4543 percipere
797 4474 928 4531 merearis
943 4474 988 4530 bio
1000 4475 1045 4533 el
1037 4493 1065 4530 ιι
1077 4483 1224 4531 aeternum
1246 4472 1311 4549 (llic
1323 4481 1457 4546 aspergat

135 4567 271 4694 pqstaqpp
286 4555 435 4698 bqnedicta
444 4564 472 4615 et
485 4562 582 4631 postea
598 4552 683 4634 dicat)
693 4555 809 4627 Exurge
825 4556 999 4662 quidermis,
1013 4575 1118 4630 exurge
1129 4560 1272 4617 amortuis
1283 4559 1458 4643 etillurniaa-

155 4652 163 4690 ι
202 4652 230 4691 c
271 4654 310 4697 ns
324 4656 353 4696 us
1062 4669 1078 4683 ν
1126 4672 1132 4681 ·
1226 4676 1229 4683 -
