3202 5176
769 337 846 411 alt

141 523 235 592 mine
255 520 440 613 descende,
466 531 504 594 ut
529 543 631 598 sanes
649 521 755 594 filium
777 544 903 613 meum,
927 525 1123 619 priusquam
1144 525 1327 615 moriatur.>
1370 523 1462 597 Dicit

143 627 178 717 ei
197 622 295 698 Iesus
316 625 419 714 vade,
442 624 531 698 filius
552 634 629 700 tuus
651 627 746 698 vivit.
782 627 905 700 Paulas.
924 625 978 696 De
999 625 1177 722 profundis
1198 625 1354 700 clamavi.
1375 630 1460 701 Ant.

142 725 290 798 Domine
321 748 392 798 non
418 745 496 800 sum·
517 727 640 823 dignus
663 737 699 800 ut
725 731 831 801 intres
853 728 1065 802 subtectum
1087 750 1220 816 meum,
1248 731 1310 802 sed
1332 739 1461 801 tantum
1516 744 1518 749 ⁴

142 828 198 899 dic
223 829 334 902 verbo
356 839 390 901 et
413 830 587 903 sanabitur
613 853 699 927 puer
720 853 827 904 meus.
881 832 1002 904 Paulas.
1032 830 1180 903 Domine
1206 833 1342 904 exaudi.
1383 833 1460 907 Ant.

143 927 230 1001 Cum
251 931 306 1006 sol
326 942 439 1003 autern
459 933 658 1024 occidisset⁷
679 954 798 1005 omnes
821 935 878 1027 qui
896 930 1067 1013 habebant
1088 932 1240 1007 infirmos
1260 937 1366 1009 variis
1389 935 1461 1006 lan·
1544 1010 1548 1017 ,

142 1032 323 1136 31111111,
346 1034 516 1107 ducebant
538 1036 618 1109 illos
641 1037 684 1106 ad
707 1035 822 1110 Iesum
846 1045 879 1106 et
903 1035 1118 1107 curabantur.

245 1143 351 1207 Finitis
365 1147 493 1226 ‘psalmis
516 1149 777 1228 poenitentialibus
800 1149 965 1225 interrogat
985 1148 1126 1209 sacerdos
1147 1147 1397 1209 infirmumlatine
1410 1148 1460 1211 rel

142 1248 313 1326 germanice
332 1249 362 1308 in
386 1248 464 1310 huno
487 1249 614 1311 modum.
653 1238 791 1314 ¹Credis
811 1240 916 1335 quod,
941 1250 1083 1336 propter
1103 1261 1228 1337 preces
1251 1252 1460 1330 sanctorum,

142 1341 309 1414 Dominus
331 1341 416 1414 velit
437 1343 604 1414 exaudire
627 1366 751 1438 preces
773 1352 928 1416 nostrast
960 1340 1102 1414 Glaubst
1125 1342 1169 1414 du
1192 1342 1272 1417 dass
1296 1340 1376 1414 Gctt
1398 1343 1462 1415 der

140 1443 232 1514 Herr
251 1464 322 1514 von
343 1465 469 1535 wegen
490 1445 552 1515 der
570 1444 703 1517 Ftirbitt
720 1448 835 1518 seiner
853 1444 968 1516 lieben
980 1443 1253 1519 Auserwahlten
1271 1465 1376 1518 unser
1394 1442 1461 1517 Ge·

140 1545 199 1617 bet
220 1545 371 1616 1111111111
396 1545 532 1616 welle?
578 1555 769 1635 Respondeat
794 1563 954 1633 aegrotus,
983 1557 1009 1616 si
1037 1575 1092 1636 per
1118 1557 1316 1621 infirmitatem
1340 1565 1460 1638 potest:
1553 1540 1555 1545 ⁵

142 1644 267 1719 011110.
290 1644 352 1715 lob
373 1646 505 1738 glauhs.
544 1655 582 1718 Et
595 1656 703 1718 deinde
717 1656 858 1718 sacerdos
873 1665 1003 1717 astantes
1016 1657 1204 1733 exhortetur,
1219 1658 1337 1719 dicens:
1357 1647 1461 1721 Invo-

144 1760 263 1820 cemus
290 1746 403 1818 Deum
425 1757 460 1818 et
483 1757 626 1822 sanctos
649 1753 723 1823 eius
746 1771 810 1845 pro
833 1749 943 1821 salute
971 1749 1069 1821 huius
1090 1748 1221 1819 infirmi.
1273 1759 1392 1819 Addere
1407 1764 1461 1839 po·

142 1867 201 1919 test
217 1859 290 1919 baec
306 1876 425 1939 qaoque
438 1861 622 1938 germanice:
636 1850 694 1922 lhr
706 1850 925 1942 Andachtige
939 1850 1009 1921 und
1023 1844 1180 1921 Geliebbe
1192 1853 1229 1921 in
1244 1850 1322 1922 dem
1334 1850 1461 1938 Herm,

141 1951 226 2025 lasst
251 1973 316 2025 uns
344 1949 514 2024 Gottden
532 1952 789 2045 Allmachtigen
809 1975 880 2025 von
900 1975 1045 2044 ganeam
1066 1951 1204 2024 Herzen
1227 1952 1373 2023 anruien
1390 1951 1479 2023 und

141 2053 387 2145 demiithiglich
412 2055 531 2144 bitten,
560 2055 638 2128 dass
661 2079 700 2126 er
726 2078 790 2128 uns
811 2055 1009 2146 gnadiglicb
1032 2054 1158 2126 erhdre
1184 2053 1254 2124 und
1274 2054 1382 2125 durch
1405 2053 1460 2125 die

140 2154 273 2229 Ftirbitt
294 2158 410 2229 seiner
432 2157 547 2230 lieben
564 2149 726 2250 Heiligen
744 2158 873 2231 diesem
891 2155 1054 2228 Kranken
1072 2156 1178 2246 alles,
1199 2178 1275 2234 was
1292 2156 1360 2227 ihm
1378 2165 1460 2227 ndtn

82 2304 88 2309 -
140 2257 210 2329 und
230 2267 291 2351 gut
311 2261 362 2331 sei
384 2281 426 2328 nu
448 2256 532 2331 Seel
551 2259 621 2330 und
640 2259 723 2331 Leib
743 2259 924 2332 verteihen
940 2259 1058 2331 wolle.
1097 2257 1245 2353 Sprecbt
1264 2257 1388 2330 darauf
1401 2261 1461 2329 mit

139 2360 301 2432 Andacht
328 2359 389 2433 das
415 2359 553 2452 Heilige
574 2360 682 2432 Vater
703 2384 820 2450 unser,
843 2361 924 2432 Ave
943 2359 1052 2431 Maria
1076 2359 1146 2430 und
1165 2360 1232 2431 den
1253 2356 1459 2444 Glauben.¹)

230 2471 315 2532 —Post
337 2470 412 2530 baec
430 2470 569 2540 sacerdos
588 2472 695 2533 recitet
708 2471 854 2532 vLitaniam
875 2472 962 2533 flexis
984 2471 1130 2548 genibus,
1151 2471 1250 2551 aliquo
1270 2470 1313 2532 ilii
1335 2489 1459 2550 respon·
1573 2502 1576 2506 ·

141 2571 242 2650 dente,
263 2573 289 2632 si
309 2570 437 2636 adiuerit
460 2580 490 2632 et
514 2573 680 2634 intentione
694 2591 819 2653 'semper
831 2572 867 2634 ad
885 2574 1030 2634 infirmum
1044 2572 1200 2652 applicata.
1243 2562 1352 2656 Kyrie
1375 2562 1458 2633 elei-

140 2687 215 2739 son.
257 2663 392 2737 Christe
422 2665 566 2736 eleison.
607 2666 716 2760 Kyrie
740 2667 887 2737 eleison
925 2664 1060 2738 Christe
1081 2664 1160 2735 audi
1177 2686 1242 2737 nos
1262 2682 1321 2733 etc.
1354 2663 1459 2735 Pater

139 2777 260 2841 noster
285 2782 345 2836 etc.
392 2777 500 2838 Postea
534 2776 612 2839 clara
643 2796 730 2839 voce.
779 2774 821 2841 V.
855 2766 901 2838 Et
933 2788 977 2837 ne
1010 2787 1075 2838 nos
1107 2765 1249 2838 inducas
1282 2768 1318 2836 in
1350 2775 1459 2837 denta-

138 2871 276 2941 tionem.
318 2873 361 2960 11.
385 2866 456 2943 Sed
478 2868 587 2940 libera
607 2891 672 2943 nos
695 2893 715 2940 a
738 2869 837 2940 malo.
879 2874 921 2957 11.
950 2866 1093 2941 Salvum
1114 2867 1170 2938 fac
1192 2872 1333 2939 servum
1352 2878 1457 2938 tuum.

138 2978 182 3065 11.
210 2973 306 3043 Deus
324 2992 430 3065 ‘meus
451 2982 645 3066 sperantem
667 2975 702 3043 in
724 2982 768 3043 te.
790 3012 793 3017 ⁴
814 2978 857 3045 tt.
881 2970 978 3042 Mitte
1001 2973 1035 3040 ei
1060 2970 1208 3041 Domine
1226 2970 1392 3041 auxilium
1415 2969 1459 3041 de

140 3083 270 3148 sancto.
319 3077 362 3162 11.
388 3071 433 3144 Et
456 3073 499 3143 de
526 3070 611 3145 Sion
636 3086 735 3146 tuere
758 3097 844 3145 eum.
892 3081 934 3145 11.
958 3071 1051 3143 Nihil
1072 3071 1229 3168 proficiat
1249 3074 1405 3144 inimicus
1423 3073 1459 3141 in

141 3195 195 3246 eo.
234 3178 277 3264 11.
300 3172 345 3244 Ε1
364 3171 454 3246 filius
475 3177 660 3266 iniquitatis
679 3198 750 3247 non
770 3185 919 3270 apponat
939 3197 1070 3246 nocere
1090 3178 1131 3245 ei.
1165 3179 1208 3244 11.
1230 3172 1316 3245 Esto
1337 3176 1370 3243 ei
1386 3171 1458 3242 Do-

139 3279 230 3347 mine
251 3277 357 3348 turris
378 3274 595 3349 tortitudinis.
628 3282 671 3369 11.
694 3276 729 3347 Α
748 3277 838 3348 11111
859 3279 994 3347 inimici.
1031 3283 1072 3348 tt,
1096 3275 1264 3348 Dominus
1287 3296 1388 3370 opem
1406 3273 1458 3344 11-

139 3388 193 3452 rat
216 3378 266 3448 illi
287 3399 391 3473 super
412 3375 539 3449 lectum
562 3377 797 3471 doloriseius.
836 3384 878 3469 D.
898 3378 1106 3450 Universum
1123 3386 1265 3450 stratum
1284 3379 1358 3450 eius
1378 3394 1458 3448 ver*
1580 3417 1587 3425 -

140 3482 225 3555 sasti
249 3483 291 3549 in
310 3478 502 3571 infirmitate
529 3481 588 3551 eis.
633 3485 676 3571 11.
704 3481 850 3552 Domine
878 3479 1005 3551 exaudi
1032 3480 1223 3549 orationem
1244 3499 1365 3548 meam.
1411 3482 1455 3568 11.
1554 3502 1558 3509 ·

140 3581 185 3654 Et
206 3581 337 3651 clamor
359 3601 457 3652 meus
478 3580 522 3650 ad
540 3589 576 3650 te
597 3585 723 3653 veniat.
767 3581 997 3656 tabominus
1018 3578 1208 3651 vobiscum.
1247 3584 1291 3671 11.
1314 3578 1358 3652 Et
1379 3600 1457 3653 cum

141 3685 263 3781 spiritu
282 3692 386 3759 tuo„
620 3752 622 3758 ,
1132 3690 1135 3695 “
1194 3716 1201 3725 -

243 3784 400 3857 Oramus.
444 3783 668 3880 Omnipotens
691 3794 725 3855 et
745 3786 943 3857 misericors
960 3782 1069 3864 Deusq
1091 3803 1295 3878 quaesumus
1315 3789 1456 3857 immen-

139 3909 213 3964 sam
233 3880 455 3958 'clementiam
467 3896 560 3958 tuam
581 3896 618 3957 ut
639 3889 675 3956 in
696 3889 833 3957 nomine
850 3895 910 3956 tuo
928 3884 972 3958 ad
989 3887 1164 3957 introitum
1181 3885 1376 3959 humilitatis
1388 3905 1456 3956 no-

140 4001 232 4065 strae
255 3990 346 4061 hunc
370 3987 535 4060 famulum
560 3997 654 4062 tuum
681 3986 786 4084 (hanc
808 3986 969 4060 famulam
989 3986 1096 4084 tuam)
1116 3989 1154 4058 in
1175 3988 1243 4063 boc
1260 3987 1454 4059 habitaculo

137 4181 333 4197 ——1-1—

182 4273 213 4353 l)
227 4275 344 4349 Agenda
355 4277 429 4348 neg.
442 4279 519 4332 1513.
542 4278 598 4336 Pan
609 4277 672 4334 buia
684 4277 776 4334 domui
787 4283 918 4351 utsupra.
944 4276 1050 4335 Deinde
1060 4277 1215 4346 interroget
1224 4273 1373 4330 lndrmum:
1388 4273 1456 4340 Quia

140 4363 258 4419 uocatis.
291 4357 334 4441 lb
359 4362 390 4442 11.
414 4361 562 4420 Desideras
572 4363 776 4421 Sacramentum
791 4370 928 4420 sabamae
943 4359 1104 4420 unctionis?
1132 4359 1229 4417 Sinon
1244 4358 1384 4416 desideret
1398 4372 1455 4413 non

141 4444 220 4501 denar
239 4446 276 4502 ei.
306 4446 402 4503 Credis
423 4446 497 4520 quod
515 4454 631 4521 propter
649 4464 747 4519 preces
763 4454 816 4504 etc.
842 4448 971 4506 Similiter
985 4448 1014 4505 in
1028 4444 1139 4517 reliquis
1154 4443 1287 4514 rigandis.
1315 4441 1456 4500 Adiiciant

140 4536 230 4585 111111
243 4528 468 4590 Exhortaticnem
489 4533 672 4605 germanicam
690 4533 798 4590 1111111
815 4534 979 4591 taciendam:
995 4530 1135 4598 fieliebter
1149 4528 1177 4584 in
1190 4527 1314 4599 cbristo,
1332 4545 1364 4586 es
1378 4527 1414 4586 ist
1427 4526 1454 4583 ia

141 4614 216 4671 wobl
230 4613 310 4692 uittig
323 4623 377 4674 etc.
