3202 5176
766 367 840 439 set

138 557 284 626 animam
304 554 379 639 eius
401 553 436 622 in
454 551 519 623 hac
541 552 625 623 bora
649 553 762 625 exitus
782 555 845 625 sui.
885 552 995 648 Aperi
1017 553 1049 622 ei
1072 553 1206 621 ianuam
1227 553 1320 621 vitae
1340 559 1376 621 et
1397 548 1453 619 iac

138 679 218 729 enm
240 654 396 749 gaudere
418 676 496 726 cum
519 652 654 728 Sanctis
676 658 742 727 tuis
769 658 804 725 in
827 655 937 748 gloria
965 664 1114 725 aeterna.
1168 653 1212 725 Et
1238 653 1453 748 tupiissime

138 759 285 831 Domine
305 756 385 829 lesu
409 754 544 831 Christe
567 759 623 852 qui
645 756 821 831 redemisti
838 779 903 830 nos
923 758 1173 853 pretiosissimo
1194 758 1360 848 sanguine
1379 765 1452 842 tuo,

138 865 307 934 miserere
333 861 466 931 animae
493 860 592 933 huius
618 859 736 930 famuli
759 863 806 931 tui
830 869 864 931 et
886 882 961 931 eam
984 858 1203 930 introducere
1231 859 1382 951 digneris
1410 854 1453 926 ad

138 985 276 1058 semper
296 964 443 1035 virentia
466 973 500 1034 et
520 984 665 1034 amoena
686 963 763 1033 loca
787 962 951 1052 Paradisi
974 971 1011 1033 ut
1030 964 1127 1033 vivat
1146 961 1206 1033 tibi
1229 981 1347 1031 amore
1369 957 1455 1029 indi-

138 1065 278 1154 visibili,
305 1068 362 1159 qui
386 1086 405 1134 a
427 1074 462 1136 te
482 1076 516 1137 et
538 1065 580 1136 ab
601 1065 720 1138 electis
741 1067 808 1137 tuis
830 1086 1013 1160 numquam
1040 1066 1194 1159 separari
1215 1071 1338 1159 potest.
1388 1058 1455 1144 Qui

140 1190 216 1241 cum
242 1168 345 1240 Patro
368 1178 431 1238 eto.

604 1336 651 1409 ln
680 1340 992 1434 exspiratione.

241 1480 315 1542 (inm
333 1499 407 1543 vero
424 1491 540 1560 tempus
554 1480 724 1562 exspirandi
740 1483 890 1560 institerit,
904 1492 974 1543 tunc
989 1482 1115 1542 maxime
1130 1478 1166 1541 ab
1181 1479 1317 1541 omnibns
1333 1479 1454 1538 circum

139 1583 283 1647 stantibus
299 1583 387 1643 flexis
401 1582 527 1660 genibus
543 1583 736 1644 vehementer
750 1587 877 1647 orationi
891 1584 1055 1645 instandum
1071 1591 1126 1645 est.
1152 1581 1220 1662 lpse
1234 1599 1308 1643 vero
1322 1572 1456 1641 moriens
1477 1651 1481 1666 .

139 1688 164 1747 si
179 1693 279 1766 potest
295 1685 383 1761 dicat,
398 1684 447 1744 vel
462 1685 487 1743 si
502 1703 562 1745 non
576 1695 677 1765 potest
691 1687 845 1764 assistens,
860 1688 925 1747 sive
934 1684 1081 1746 Sacerdos
1097 1701 1154 1763 pro
1168 1702 1205 1744 eo
1218 1685 1455 1761 claravocepro·

139 1787 270 1848 nuntiet:
292 1775 383 1867 lesu,
406 1776 500 1865 lew,
523 1776 612 1850 lesu.
660 1787 745 1862 Quod
761 1796 790 1848 et
805 1808 839 1849 ea
854 1807 929 1869 quae
943 1795 1115 1866 sequamur,
1130 1784 1164 1844 ad
1180 1784 1259 1845 illius
1274 1802 1360 1845 aures
1374 1785 1398 1842 si
1414 1784 1455 1841 vi·

141 1888 258 1950 debitur
278 1889 364 1948 etiam
386 1890 505 1968 saepius
525 1899 641 1969 repetat
669 1880 708 1951 ln
736 1902 855 1956 munus
875 1891 951 1954 luas
970 1879 1118 1951 Domino
1137 1877 1339 1948 commendo
1360 1875 1457 1970 spiri-

139 1992 210 2053 tum
232 2004 355 2052 meum.
408 1980 556 2053 Domine
578 1982 671 2071 lesu,
694 1986 831 2080 suscipe
853 1986 1008 2079 spiritum
1030 2001 1152 2052 meum.
1201 1979 1327 2053 Sancta
1348 1977 1457 2048 Maria

141 2106 202 2156 ora
228 2105 292 2179 pro
320 2105 384 2153 me.
428 2081 547 2174 Maria
568 2094 679 2156 mater
705 2089 837 2178 gratiae
862 2096 926 2158 etc.
950 2095 988 2157 ut
1007 2108 1039 2180 p.
1063 2086 1147 2155 330.
1157 2077 1188 2178 1)
1479 2081 1482 2086 ⁴

241 2194 325 2255 'lunc
346 2195 395 2255 nbi
415 2197 500 2273 riget
523 2197 571 2276 pia
594 2197 795 2274 consuetudo,
816 2199 952 2278 pulsetur
965 2213 1103 2276 campana
1117 2193 1296 2275 parochialis
1312 2191 1458 2253 ecclesiae

140 2297 286 2378 aliquibus
300 2297 406 2357 ictibus
421 2297 457 2359 ad
471 2298 695 2374 significandum
710 2298 846 2361 fidelibus
861 2302 891 2361 in
905 2300 990 2378 urbe,
1005 2298 1054 2358 rel
1069 2297 1135 2359 loco
1150 2306 1199 2358 ant
1212 2305 1296 2357 extra
1310 2296 1339 2355 in
1354 2293 1458 2355 subur·

141 2400 231 2460 bariis
253 2399 452 2461 existentibus
464 2399 621 2460 instantem
636 2411 759 2463 mortem
778 2402 958 2484 exspirantis
976 2400 1112 2478 aegroti,
1134 2406 1165 2459 nt
1179 2416 1234 2481 pro
1250 2418 1286 2460 eo
1300 2397 1394 2459 Deum
1411 2412 1458 2456 ro·

140 2519 214 2580 gare
229 2486 398 2581 possint.²)
600 2498 605 2509 '

242 2602 375 2681 Egressa
391 2604 486 2663 anima
500 2602 538 2664 de
556 2622 685 2687 corpore
698 2606 795 2665 statim
809 2603 923 2666 dicatur
934 2604 993 2666 lroc
1005 2604 1255 2684 Responsorium:
1269 2587 1459 2669 Subvenite

140 2691 259 2770 Sancti
291 2695 378 2786 Dei,
414 2698 564 2768 ocurrite
596 2696 728 2792 Angeli
760 2697 918 2785 Domini,
952 2699 1179 2794 suscipientes
1213 2695 1357 2771 animam
1385 2693 1459 2762 eius

140 2797 326 2872 offerentes
355 2821 430 2870 eam
456 2801 492 2870 in
512 2810 700 2897 conspectu
727 2799 890 2874 altissimi.
899 2797 932 2898 ³)
977 2806 1019 2875 u,
1055 2796 1227 2896 Suscipiat
1246 2806 1282 2867 te
1304 2791 1460 2866 Christus

141 2905 199 2996 qui
219 2903 362 2973 vocavit
383 2912 419 2973 te
443 2911 478 2973 et
499 2904 534 2972 in
555 2905 667 2976 sinum
691 2902 856 2976 Abrahae
875 2901 1005 2996 Angeli
1030 2901 1200 2974 deducant
1222 2909 1267 2970 te.
1308 2901 1352 2988 la.
1377 2891 1461 2970 Sus

140 3006 307 3099 cipientes
330 3007 583 3094 animandos,
606 3005 790 3078 offerentes
812 3027 887 3075 eam
908 3008 944 3076 in
966 3012 1188 3100 conspectum
1206 3001 1383 3074 Altissimi.
1416 3003 1458 3070 V.

138 3104 308 3199 Requiem
337 3115 511 3177 aeternam
545 3106 635 3178 dona
663 3111 714 3181 eis
740 3107 888 3179 Domine
916 3117 950 3178 et
972 3108 1034 3179 lux
1064 3114 1231 3204 perpetua
1257 3103 1371 3174 luceat
1399 3099 1458 3169 eis.

142 3204 335 3278 Offercntes
366 3229 441 3278 eam
476 3211 511 3277 in
539 3219 728 3304 conspectu
756 3208 933 3282 Altissimi.
987 3209 1095 3305 Kyrie
1125 3209 1270 3278 eleison.
1325 3200 1460 3274 Christe

140 3308 286 3380 eleison.
341 3307 448 3402 Kyrie
476 3309 620 3383 eleison.
674 3311 777 3383 Pater
799 3321 927 3384 noster.
972 3319 1015 3388 u,
1044 3309 1088 3382 Et
1109 3332 1153 3380 ne
1175 3330 1239 3381 nos
1261 3306 1403 3377 inducas
1425 3304 1461 3372 in

139 3413 371 3482 tentationem.
426 3416 468 3502 ip.
505 3410 576 3483 Sed
595 3411 703 3484 libera
723 3434 789 3484 nos
816 3435 836 3483 a
862 3413 964 3483 malo.
1019 3421 1061 3485 u,
1091 3411 1259 3504 Requiem
1287 3417 1461 3478 aeternam

141 3512 231 3583 dona
262 3515 312 3585 eis
340 3512 496 3585 Domine.
549 3518 592 3604 tir.
629 3513 674 3586 Et
700 3515 762 3604 lux
788 3525 958 3610 perpetua
981 3514 1095 3585 luceat
1123 3516 1183 3584 eis.
1236 3517 1279 3584 u,
1307 3509 1342 3581 A
1361 3514 1462 3605 porta

141 3611 251 3684 inferi.
303 3618 346 3704 Ile
381 3614 476 3686 Erue
502 3614 650 3686 Domine
665 3606 827 3686 'animam
854 3618 938 3689 eius.
992 3622 1034 3686 u,
1064 3614 1273 3710 Requiescat
1301 3614 1336 3682 in
1363 3632 1460 3708 paee.

205 3803 233 3880 l)
253 3803 455 3860 caerimoniale
474 3805 651 3862 monastioum
668 3803 873 3861 Benedictiaum
889 3803 977 3875 „Cum
992 3810 1097 3876 tempus
1115 3801 1308 3875 exspirationis
1322 3798 1464 3855 imminere

140 3889 271 3959 cernitur,
288 3897 456 3963 supponatur
471 3889 596 3947 morienti
612 3890 647 3947 de
661 3889 797 3948 cineribus
811 3889 839 3945 in
854 3891 945 3962 capite
960 3888 1053 3945 ieiunii
1067 3888 1219 3945 benedictis
1233 3895 1260 3943 et
1275 3883 1387 3958 aliquod
1401 3881 1463 3937 icti-

139 3975 190 4031 bus
213 3975 336 4047 pulsetur
351 3975 507 4047 campanula
524 3976 551 4031 in
569 3976 690 4032 claustro
704 3981 733 4031 et
747 3983 927 4047 praesentes,
949 3974 1074 4030 demissis
1088 3974 1116 4029 iu
1131 3981 1231 4031 terram
1248 3971 1363 4042 genibus
1378 3967 1462 4022 vehe—

141 4059 254 4115 mentius
276 4059 395 4115 orationi
410 4060 525 4116 instent:
545 4060 604 4132 ipse
620 4076 688 4116 vero
705 4060 826 4116 moriens
841 4061 865 4115 si
880 4067 989 4132 potest,
1012 4066 1057 4115 aut
1072 4059 1204 4131 Superior
1219 4065 1264 4112 aut
1280 4055 1348 4110 alius
1362 4067 1414 4124 pro
1428 4065 1464 4106 eo

139 4144 325 4217 pronuntiabit
340 4144 413 4199 clara
428 4160 498 4200 voce
513 4145 568 4201 les
578 4161 604 4215 u,
622 4145 713 4215 lesu,
728 4145 820 4214 lesu,
838 4145 912 4216 qnod
928 4160 1027 4200 nomen
1043 4144 1076 4200 ad
1092 4144 1164 4200 illius
1179 4159 1270 4209 aures,
1286 4134 1462 4205 sividebitor,

140 4229 324 4300 geminabant.
994 4252 999 4259 ·
1310 4230 1314 4241 ’

201 4313 233 4388 2)
249 4314 372 4371 instituta
388 4320 431 4370 est
445 4312 579 4386 aliquibus
593 4313 621 4369 in
636 4313 705 4370 locis
721 4315 765 4387 pia
784 4312 1004 4372 Goniraternitas
1016 4319 1169 4384 nuncupata
1184 4305 1404 4381 Agonissntiurn,
1420 4304 1464 4361 eui

142 4399 187 4469 qni
211 4399 381 4457 associantur
402 4406 529 4472 tenentur
549 4384 685 4469 recitare,
706 4399 848 4456 nonnullas
870 4416 970 4472 preces
984 4400 1011 4455 in
1028 4406 1088 4456 acto
1104 4396 1231 4453 transitus
1247 4392 1360 4448 alicuius
1375 4387 1464 4446 tidelis

141 4498 176 4536 ex
197 4481 249 4536 bac
269 4484 339 4539 vita:
362 4492 443 4557 atque
465 4484 529 4540 ideo
552 4484 624 4541 solet
639 4484 698 4540 dari
713 4484 821 4556 signum
837 4482 1008 4541 conveniens
1024 4491 1052 4541 et
1067 4479 1175 4538 statutis
1189 4479 1304 4548 ictibus,
1326 4483 1355 4532 ut
1368 4474 1463 4532 fideles

139 4572 264 4636 noscant,
282 4567 349 4624 illud
363 4585 425 4626 esse
440 4569 547 4639 signum
562 4584 615 4641 pro
629 4585 720 4640 agone
734 4569 886 4629 morientis.
911 4590 920 4605 ²

203 4647 235 4726 3)
247 4651 360 4724 tegitur
374 4653 527 4712 rmsionlus
540 4655 567 4711 in
581 4652 782 4727 Antiphonario
796 4654 980 4725 Gregorinao.
