3210 5168
769 211 820 283 ts

332 378 566 457 ROMANUS.
963 376 1308 455 Ameaosmttus.

136 501 400 599 eustodiameri
417 522 496 575 mee
515 511 550 575 et
563 504 688 576 estium
699 506 766 575 cir-
868 498 1231 574 NaaadteiterCredo
1244 500 1453 572 sidieandrer

136 608 370 678 eumstantiae·
381 604 479 678 labiis
502 608 607 679 meisa
632 614 669 676 ut
696 627 766 678 aen
817 616 877 698 ast,
892 608 1072 699 erumpite
1089 602 1202 676 retae
1221 604 1406 674 domimes’s
1423 624 1453 672 a«

136 706 286 779 declinet
297 730 360 781 eor
373 728 487 779 meum
501 711 536 780 in
549 707 658 781 verta
669 709 766 781 mali·
814 711 949 807 festivis.

136 811 204 881 tiae
218 809 261 880 ad
280 813 524 884 excreationes
553 813 589 887 in
607 812 769 906 peceatis.

184 912 273 987 Dum
297 914 408 986 reddit
430 914 627 993 demades
644 913 769 993 Dim

133 1016 284 1089 aedicit:
429 1074 437 1091 .

185 1114 368 1189 Ascendet
401 1120 437 1189 in
470 1115 570 1190 robis
601 1115 769 1190 Dominus

20 1231 24 1237 '
135 1222 252 1312 ignem
290 1222 344 1293 sui
379 1222 505 1295 ameris
537 1229 573 1291 et
602 1216 769 1292 mmmam

135 1330 300 1393 aeternae
314 1322 482 1395 caritatis:
501 1321 627 1393 Amen.

185 1423 309 1497 Postea
341 1427 528 1497 incensetur
553 1425 722 1499 Sacerdos
747 1450 772 1499 a

133 1525 301 1620 Dracone,
321 1528 439 1599 deinde
457 1530 520 1600 atti
535 1532 769 1622 perordinem.
844 1536 848 1543 '

186 1627 262 1698 XV.
311 1629 449 1702 Interim
478 1631 646 1705 Sacerdos
678 1634 774 1704 levet

134 1734 391 1817 memordt‘rena:
645 1800 650 1809 .

184 1832 326 1915 Lavabo
337 1836 426 1906 inter
440 1838 643 1908 innoeentes
651 1856 771 1907 manus

134 1956 248 2007 meas:
262 1943 295 2005 et
309 1936 527 2007 circumdabo
538 1936 665 2007 Aitare
677 1945 772 2007 tuum
851 2020 855 2027 Ι

134 2037 292 2108 Domine.
355 2112 359 2121 ,
445 2110 447 2115 ,
701 2035 735 2117 J

185 2137 231 2211 Ut
265 2139 402 2210 audiam
431 2158 541 2212 voces
567 2138 704 2212 laudis:
736 2148 772 2210 et

110 2258 301 2335 ‚enarrem
319 2240 674 2329 universamirabilia
702 2250 770 2312 tua.
893 2302 901 2317 .

185 2342 333 2415 Domine
348 2342 456 2415 dilexi
469 2342 770 2423 deceremdemtte
804 2411 811 2422 .

133 2456 235 2522 tuaer
264 2454 300 2517 et
323 2444 438 2519 lecum
457 2444 673 2521 habitationis
693 2444 770 2538 gle—
800 2521 804 2527 ,

120 2551 206 2618 riae
224 2557 313 2618 tuae.
474 2616 479 2626 ,

183 2646 238 2720 Ne
258 2648 384 2745 perdas
406 2652 608 2746 cumimpiis
623 2651 769 2719 animam
1034 2734 1041 2743 ι

133 2772 264 2822 meam:
293 2760 328 2822 et
355 2772 432 2821 eum
457 2754 544 2825 viris
565 2753 770 2843 sanguinum
814 2745 818 2753 ’
949 2753 956 2766 “

134 2855 241 2925 vitam
255 2848 375 2921 me'am.

184 2952 225 3026 In
240 2975 386 3051 querum
400 2951 554 3024 manibus
574 2953 768 3048 iniquitates
862 3000 869 3013 ·

106 3067 231 3131 sunt:
253 3055 398 3127 dextera
420 3076 541 3127 eorum
560 3055 769 3152 repleta'est

133 3157 341 3230 muneribus.
406 3224 411 3235 .

45 3259 50 3268 '
182 3258 261 3352 Ego
283 3268 397 3331 autem
419 3249 670 3331 in'innoeentia
690 3280 767 3330 mea

133 3366 310 3456 ingressus
326 3383 422 3436 sum:
437 3361 569 3444 redime
583 3384 638 3434 me
654 3371 689 3434 et
706 3364 767 3433 mi-

43 3458 53 3467 ’
132 3484 252 3537 serere
271 3466 347 3536 mei.

184 3564 250 3639 Pas
263 3588 361 3640 meus
381 3569 473 3640 stetit
499 3569 536 3639 in
556 3566 706 3638 directo:
732 3563 788 3635 in'

113 3710 117 3717 ·
134 3667 293 3742 ecelesiis
307 3668 508 3740 benedicam
519 3679 554 3740 te
569 3668 725 3742 Domine.

185 3769 303 3875 Gloria
318 3771 410 3843 Patri
424 3780 458 3843 et
471 3768 765 3869 Filioetspirttui

77 3909 82 3919 ·
134 3875 272 3955 Sancte.
357 3926 365 3940 ·
749 3876 756 3889 '

185 3980 282 4056 Sicut
301 3989 375 4052 eret
394 3983 427 4050 in
440 3980 609 4077 principie
628 3985 662 4047 et
674 3996 765 4046 nune

133 4096 167 4157 et
180 4106 318 4181 semper
340 4093 375 4154 et
393 4085 428 4154 in
448 4081 588 4156 saecula
607 4075 768 4152 saecule.

132 4208 216 4257 rum.
246 4187 368 4258 Amen.
702 4185 706 4194 '

183 4288 225 4359 Ia
235 4288 349 4361 Missis
364 4311 429 4382 pre
445 4286 619 4380 Defendit
640 4289 673 4352 et
688 4288 766 4352 tene
860 4290 866 4305 ·

129 4379 390 4485 perorarem
403 4387 767 4479 radmademapora

25 4508 29 4513 '
132 4497 286 4566 meuse
299 4496 418 4573 Gloria
434 4491 539 4562 Patri.
752 4524 755 4529 ·
