3202 5176
695 319 770 387 25³

78 498 170 572 dias:
205 507 257 568 ut
272 496 364 589 quod
393 490 509 567 divido
538 518 682 569 munere
709 511 915 575 consecutus
939 512 1031 594 sum,
1065 503 1191 580 divinis
1213 465 1390 643 effectibus

78 622 246 695 exequar,
274 599 416 692 diesque
436 609 575 672 nostros
602 611 665 671 ete.
694 620 845 691 utsupra.

179 710 278 771 Dicta
294 713 449 771 oratione:
484 701 631 773 Domine
650 701 730 777 lesu
750 701 884 777 Christe
909 713 1106 778 consecratas
1126 719 1241 780 aceedit
1261 721 1296 783 ad
1319 721 1389 783 dex·

76 823 169 874 teram
184 811 409 874 consecratoris
430 821 461 872 et
481 813 572 874 ambo'
589 814 759 875 osculantur
783 815 875 877 altare
896 827 955 879 tum
971 817 1002 879 G.
1023 818 1072 879 dat
1088 836 1191 899 pacem
1206 820 1389 885 consecrato

18 933 26 944 ·
76 915 196 992 dicens:
219 904 295 975 Pax
315 913 437 976 tecum.
482 913 535 974 Cui
559 908 720 995 respondet
743 915 940 980 consecratus
992 909 1038 982 Et
1069 933 1146 983 oum
1171 912 1386 1008 spiritu'tuO.

74 1016 175 1078 tta-aar
191 1035 254 1078 eam
267 1015 485 1076 assistentibus
499 1017 572 1094 suis,
588 1018 699 1078 seniori
713 1019 820 1097 primo,
836 1030 896 1081 tum
910 1020 1005 1084 alteri.
1034 1060 1039 1071 ·

176 1118 292 1179 Deinde
306 1127 462 1197 postquam
477 1115 509 1179 O.
524 1134 633 1197 corpus
646 1120 765 1180 Domini
778 1123 948 1201 sumpserit,
967 1141 1028 1183 uon
1045 1130 1138 1184 totum
1153 1126 1325 1201 sanguinem
1339 1144 1386 1185 su-

74 1222 137 1298 mit,
150 1219 204 1280 sed
219 1220 314 1280 solum
330 1228 442 1299 partem
457 1220 521 1280 eius
537 1238 601 1282 euru
615 1207 898 1300 particula'Hostiae
912 1225 941 1284 ιι
956 1225 1077 1286 calicem
1094 1225 1212 1286 missae.
1240 1224 1278 1285 Et
1291 1228 1386 1305 prius·

25 1369 28 1380 .
73 1340 158 1402 quam
180 1321 290 1398 digitos
312 1321 428 1400 abluat,
448 1322 643 1382 communicat
657 1319 867 1385 consecratum
886 1335 954 1386 ante
972 1343 1006 1386 se
1019 1326 1049 1386 iu
1064 1326 1169 1387 eodem
1183 1345 1275 1388 cornu
1290 1330 1387 1407 capito

72 1416 213 1485 inclinato
234 1432 360 1484 stantem
379 1431 410 1483 et
431 1440 491 1483 uon
505 1423 771 1502 genuflectentem,
791 1428 872 1505 prius
886 1427 922 1488 de
938 1444 1085 1506 corpore,
1105 1437 1165 1488 tum
1179 1428 1217 1488 de
1229 1430 1385 1506 sauguine,

73 1524 180 1586 deiude
193 1526 329 1604 purilicat
343 1543 387 1601 se,
405 1533 510 1604 postea
526 1521 747 1586 consecratum.
788 1525 861 1587 'lum
877 1527 969 1590 abluit
982 1529 1092 1605 digitos
1107 1529 1199 1609 super
1212 1527 1341 1591 Calicem
1355 1538 1386 1591 et

71 1627 158 1688 sumit
177 1628 265 1686 etiam
278 1624 459 1686 ablutionem
473 1633 505 1685 et
516 1625 594 1686 lavat
610 1643 711 1686 manus
719 1613 762 1701 ¹).

116 1754 119 1759 *
175 1727 350 1789 Proceditur
368 1726 399 1787 iu
419 1726 517 1787 missa.
557 1725 895 1811 Postcommuuionquae
916 1728 974 1789 dici
994 1727 1084 1789 debet
1105 1747 1169 1789 curn
1182 1729 1383 1790 Postcommu-

70 1832 164 1891 utone
176 1827 236 1890 diei
249 1828 303 1890 sub
318 1845 376 1888 uuo
390 1827 448 1888 l'er
460 1828 630 1889 Dominum:
653 1818 796 1890 Plenum
820 1841 1039 1914 quaesumus,
1052 1821 1212 1910 Domine,
1232 1823 1266 1891 in
1283 1822 1383 1895 nobis

69 1921 259 1994 remedium
280 1931 359 1991 tuae
382 1921 609 1993 miserationis
629 1941 795 2016 operare:
817 1944 859 1992 ae
875 1922 963 1996 tales
980 1943 1045 1995 nos
1065 1921 1288 2016 esseperfice
1303 1945 1383 2019 pro-

69 2026 171 2120 pitius
199 2033 233 2093 et
258 2024 309 2096 sio
333 2020 521 2111 foverint
546 2021 606 2093 tibi
631 2023 667 2091 ιι
693 2023 849 2108 omnibus
871 2023 1011 2117 plaeere
1037 2022 1224 2098 valeamus.
1278 2025 1355 2095 Per.

172 2134 287 2195 Deinde
301 2133 379 2195 dioto
401 2121 453 2193 lte
478 2125 583 2197 missa
604 2131 657 2197 est
684 2132 733 2193 uel
753 2123 1002 2197 Benedieamus
1019 2125 1292 2216 DominQ'prout
1308 2144 1382 2197 tem·

69 2255 125 2318 pus
146 2237 286 2316 requirit,
310 2232 343 2297 G.
358 2235 436 2295 dicto
451 2234 481 2293 in
495 2234 592 2295 medio
606 2233 706 2295 altaris
724 2224 864 2297 Placeat
878 2236 941 2297 etc.
957 2245 1038 2296 stans
1052 2254 1156 2297 versus
1170 2236 1206 2297 ad
1219 2238 1312 2299 altare
1326 2255 1380 2317 po·

69 2339 140 2420 polo
161 2337 337 2399 sollenniter
357 2335 516 2397 benedicit.
554 2335 629 2396 Data
642 2335 852 2397 benedictione
865 2339 1019 2417 reponitur
1032 2338 1226 2399 faldistorium
1239 2348 1308 2400 ante
1321 2356 1380 2399 me·

69 2441 148 2501 dium
161 2438 262 2519 altaris
277 2447 307 2498 et
321 2433 354 2498 G.
367 2437 399 2496 ιι
409 2454 450 2497 eo
464 2436 559 2497 sedet.
604 2434 800 2497 Consecratur
814 2456 888 2499 aero
902 2443 1024 2516 pdraum
1038 2439 1169 2500 biretum·
1181 2442 1211 2500 ιι
1226 2442 1322 2520 eapite
1336 2449 1381 2501 te-

68 2560 154 2619 neus,
170 2556 268 2602 coram
283 2556 321 2600 eo
334 2537 517 2616 'genuflectit
558 2537 641 2598 Tunc
655 2534 688 2598 (i.
706 2539 802 2614 surgit
816 2547 846 2597 et
860 2538 1009 2599 benedicit
1022 2540 1146 2616 mitram,
1161 2541 1186 2599 si
1202 2558 1261 2601 uon
1276 2542 1315 2601 sit
1329 2541 1380 2600 be·

35 2669 39 2676 ·
69 2643 201 2718 redacta,
223 2640 343 2706 dicerer
372 2629 526 2703 Oremus.
579 2629 727 2701 Domine
753 2629 870 2718 Deus,
897 2630 999 2701 Pater
1025 2633 1261 2725 omnipotens,
1282 2634 1379 2703 ouius

68 2737 247 2832 praeclara
265 2732 400 2806 bouitas
423 2743 476 2807 est
502 2741 537 2802 et
559 2733 669 2804 virtus
691 2733 916 2819 immensae
943 2753 1010 2825 qua
1036 2752 1136 2802 omne
1157 2731 1271 2802 datum
1294 2735 1380 2826 opti-

67 2860 158 2909 mum
190 2847 225 2908 et
250 2857 351 2907 omne
377 2834 503 2906 donum
528 2833 736 2929 perfectum,
766 2835 946 2926 totiusque
967 2832 1103 2905 decoris
1130 2836 1377 2922 ornamentum,¹

67 2935 322 3029 breue-idicem
343 2945 377 3008 et
395 2934 609 3010 sanctificare
631 2934 774 3026 dignare
801 2933 888 3004 hane
909 2936 1041 3006 ιιιιιιιι
1064 2934 1163 3007 huius
1184 2934 1304 3005 famuli
1328 2938 1378 3007 tui

65 3041 235 3114 Antistitis
258 3039 359 3134 capiti
379 3037 627 3136 imponendam.
662 3036 730 3109 Per
753 3031 924 3110 Christum
942 3035 1125 3109 Dominum
1145 3046 1308 3110 nostrum.
1331 3040 1374 3128 li.

66 3145 189 3215 Amen.
297 3185 299 3188 <

167 3250 205 3313 Et
218 3269 288 3312 mox
302 3266 367 3312 eam
379 3251 514 3330 aspergit
527 3264 601 3330 aqua
613 3249 779 3313 benedicta.
804 3248 920 3311 Deinde
933 3249 1042 3311 sedens
1059 3246 1263 3311 adiuuantibus
1281 3247 1376 3327 ipsum

65 3354 279 3418 desistentibus
302 3352 459 3433 Episcopis
482 3352 606 3431 imponit
627 3368 690 3412 eam
714 3352 802 3432 capiti
824 3350 996 3413 conscerati
1016 3350 1134 3412 diceus:
1155 3339 1376 3435 Ιιιροιιιιιιιιε,

64 3451 224 3534 Domine,
246 3446 349 3539 capiti
369 3443 468 3517 buius
487 3445 646 3517 antistitis
662 3453 695 3514 et
713 3445 892 3535 agonistae
906 3445 956 3514 tui
975 3442 1110 3535 galeam
1127 3443 1323 3515 munitionis
1342 3451 1377 3513 et

64 3550 197 3637 salutis,
224 3555 390 3640 quatenus
410 3545 571 3615 decorata
590 3543 680 3614 facie
693 3554 727 3614 et
741 3556 871 3615 armato
888 3545 1011 3638 capite,
1025 3541 1185 3616 cornibus
1198 3545 1376 3637 utriusque

63 3649 257 3725 testamenti
278 3644 440 3718 terribilis
461 3654 624 3740 appareat
642 3644 850 3717 adversariis
865 3647 1039 3718 veritatis:
1059 3653 1093 3714 et
1109 3654 1144 3715 te
1160 3665 1192 3714 er
1183 3645 1375 3736 largiente

64 3755 224 3847 gratiam,
254 3751 470 3842 impugnator
491 3768 611 3818 eorum
635 3743 798 3818 robustus
821 3747 945 3820 existat
968 3747 1025 3841 qui
1046 3743 1161 3840 Moysi
1182 3744 1301 3817 famuli
1325 3747 1375 3817 tui

62 3854 187 3927 faciem
219 3874 265 3923 ex
286 3852 334 3920 tui
355 3851 522 3944 sermonis
545 3842 719 3942 consortio
742 3847 939 3919 decoratam
959 3846 1175 3921 lucidissimis
1201 3856 1281 3919 tuae
1304 3847 1373 3918 ola-

62 3959 169 4031 ritatis
193 3978 234 4026 ae
259 3953 395 4024 veritat
386 3972 415 4023 rs
372 3950 601 4024 toornibus
623 3949 793 4040 insignisti
818 3958 853 4019 et
874 3950 976 4044 capiti
991 3949 1113 4022 Aaron
1130 3948 1303 4023 Pontifieis
1324 3949 1374 4018 tui

61 4062 180 4130 tiaram
194 4055 322 4153 imponi
337 4055 472 4126 iussisti.
502 4052 570 4125 Per
585 4049 753 4126 Christum
767 4049 950 4125 Dominum
964 4061 1128 4128 uestrum.
1145 4056 1189 4144 ιιι.
1203 4050 1326 4124 Amen.
1336 4045 1371 4144 2)

122 4243 149 4309 l)
164 4239 311 4298 Gerbertus
325 4240 376 4300 bit.
389 4241 476 4298 Alem.
487 4240 521 4296 11.
535 4241 596 4311 509,
611 4245 780 4297 vetustorum
795 4240 926 4298 librorum
940 4238 1104 4298 testimoniis
1120 4253 1172 4294 uos
1187 4235 1302 4307 edocet,
1319 4233 1371 4291 ali-

61 4324 168 4396 quando
177 4326 260 4391 meria
271 4326 367 4400 luisse,
379 4331 407 4381 ut
415 4318 1136 4396 consecratorconseeratodaretbostiamintegram,
1145 4321 1189 4377 bic
1197 4335 1275 4391 vero,
1283 4319 1370 4394 parti·

59 4411 120 4464 oulu
141 4418 261 4482 sumpta,
285 4427 320 4467 ex
336 4410 440 4483 reliqua
457 4416 536 4483 parte
552 4427 609 4482 per
621 4409 799 4482 quadraginta
817 4411 877 4470 dies
895 4412 940 4468 vel
959 4410 1072 4481 triginta
1087 4405 1276 4463 eucharistiam
1290 4411 1319 4461 ut
1333 4405 1370 4462 ita

59 4492 147 4548 dicam
159 4494 310 4551 celebraret
321 4502 480 4570 perpetuam
490 4512 523 4551 ac
534 4492 724 4567 quotidianam

119 4574 149 4652 t)
171 4578 230 4635 Non
244 4579 279 4635 ad
295 4596 346 4638 nos
357 4581 476 4654 pertinet
490 4580 629 4655 disputare
640 4580 675 4638 dc
688 4580 827 4638 mitrarum
842 4577 1017 4652 antiquitate,
1028 4575 1137 4637 diversa
1150 4575 1239 4635 torma
1250 4581 1308 4634 etc.
1319 4573 1369 4633 sed
