3202 5176
695 290 700 303 ’
751 347 830 421 ιιι

137 530 317 606 advenerit
342 536 494 628 tempus,
516 529 722 607 ostenderis.
770 536 814 606 u,
846 530 993 622 ln·eo‚·
1010 530 1089 604 dum
1115 530 1315 606 conturbata
1339 527 1444 605 fuerit

139 636 249 706 anima
275 656 364 724 mea,
384 623 422 705 'in
447 637 498 706 ira
523 625 779 710 misericordiae
799 656 930 706 memor
955 636 1033 709 eris.
1084 641 1127 710 li.
1154 635 1291 708 neusa
1312 632 1442 707 bibano

138 739 256 810 veniet
275 747 310 808 et
329 746 467 810 sanctus
487 735 537 809 de
551 738 665 810 monte
683 737 845 812 umbroso
865 746 900 809 et
917 736 1101 812 condenso.
1142 744 1185 811 v,
1206 737 1346 833 Operuit
1363 757 1442 809 coc·

138 839 194 913 los
217 841 382 913 maiestas¹
399 841 499 929 eius‚·
519 850 554 913 ot
579 838 689 915 laudis
715 846 789 915 eius
810 839 912 937 plena
931 849 985 913 est
1005 849 1115 913 terra·
1148 847 1247 912 Finito
1268 847 1374 910 traam
1391 847 1444 909 sa-

139 949 289 1013 cerdoein
304 949 678 1032 cornnEpistolacdieit:·
721 1002 724 1007 .
759 1000 762 1005 .
1443 1024 1446 1033 Ι

240 1045 385 1119 Oreum.
433 1053 593 1118 Diaconos:
622 1043 816 1118 Fleclnmus
834 1056 958 1138 'genua
1003 1053 1222 1116 Subdiaconns:
1248 1042 1398 1117 became

241 1146 377 1220 Densa
403 1169 472 1242 quo
493 1157 528 1221 et
548 1146 650 1222 Iudas
674 1152 789 1220 reatus
811 1150 864 1221 sui
889 1169 1034 1244 poenam
1055 1157 1090 1218 et
1114 1146 1341 1221 confessionis
1360 1165 1446 1220 snae

137 1247 227 1320 latro
239 1251 426 1344 praemium
440 1252 571 1340 sumsit,
585 1248 738 1322 concede
751 1249 849 1323 nobis
862 1260 940 1323 tuae
948 1252 1202 1347 propitiationis
1218 1249 1393 1322 ellectumt
1409 1253 1448 1319 ut
1545 1236 1550 1249 ’

139 1351 227 1424 sicut
247 1354 282 1420 in
303 1354 471 1446 passione·
489 1374 553 1427 sna
572 1350 669 1427 lesus
688 1349 841 1427 Christus
860 1352 1027 1426 Dominus
1050 1361 1170 1426 noster
1191 1350 1329 1426 diversa
1345 1350 1447 1422 utris·

140 1473 207 1546 que
226 1453 338 1524 intulit
357 1454 523 1551 stipendia
544 1456 762 1527 meritorum:
784 1456 830 1528 ita
849 1453 961 1546 nobis,
979 1454 1094 1528 ablato
1114 1455 1299 1529 vetustatis
1313 1471 1450 1540 errore,-

138 1557 403 1629 resnrrectionis
424 1576 509 1629 suae
531 1558 675 1648 gratiam
693 1556 867 1649 largiatur.
903 1555 1125 1642 vQuijtecum.

242 1664 445 1728 Subdiaconus
465 1669 495 1727 in
515 1675 588 1729 tono
601 1666 753 1748 Epistolac
772 1669 908 1732 similiter
920 1669 985 1728 sine
999 1667 1084 1729 titolo
1100 1676 1198 1729 cantat
1209 1664 1449 1748 sequentembe·

139 1767 268 1828 ettonem
289 1753 423 1852 (llxod
439 1757 519 1850 xn,
541 1762 615 1830 1-
630 1759 692 1857 11)
715 1759 756 1832 ln
774 1759 893 1834 diebuu
912 1761 980 1836 illis
1001 1759 1085 1832 dixit
1103 1759 1277 1832 Dominus.
1289 1757 1333 1829 ad
1349 1754 1451 1852 bloy-

140 1881 204 1935 sen
229 1869 267 1932 et
291 1859 413 1933 Aaron
440 1865 592 1934 interra
622 1862 794 1960 Aegypti:
821 1861 950 1937 Mensis
975 1865 1040 1938 iste
1063 1879 1121 1935 eto.
1163 1863 1320 1937 Tractat:
1344 1858 1451 1956 Eripe

140 1984 196 2034 me
218 1962 365 2034 Domine
385 1964 427 2037 ab
448 1963 585 2036 bomine
607 1967 711 2056 malo,
730 1988 750 2037 a
770 1967 846 2038 viro
865 1968 980 2061 iniquo
1001 1964 1110 2038 libera
1130 1986 1196 2038 me.
1237 1969 1280 2038 tt.
1304 1960 1371 2047 Qui
1392 1983 1453 2034 co·

132 2068 336 2159 giraverunt
363 2067 507 2142 malitias
534 2069 570 2138 in
597 2067 725 2142 corda:
758 2078 830 2140 tota
863 2068 919 2140 die
944 2065 1194 2141 constituebant
1218 2067 1359 2163 praelia.
1406 2069 1451 2139 bb

140 2167 321 2240 Aenerunt
341 2168 478 2263 linguas
498 2191 579 2244 snas
597 2173 685 2247 sient
704 2172 884 2267 serpentis,
906 2190 1079 2259 vencnum
1095 2169 1252 2267 aspidum
1272 2166 1335 2242 sub
1353 2165 1453 2240 labiis
1553 2206 1556 2215 ,

142 2291 272 2342 corum.
321 2276 364 2344 n.
394 2270 536 2345 Custodi
561 2293 616 2344 me
642 2275 789 2346 Domine
815 2274 859 2344 de
884 2295 985 2344 manu
1006 2274 1199 2367 peccatoris
1221 2281 1256 2342 et
1277 2269 1320 2341 ab
1346 2267 1454 2340 borni·

140 2371 240 2446 nibus
262 2371 384 2466 iniquis
405 2372 514 2445 libera
539 2395 603 2446 me.
649 2381 692 2446 u,
721 2372 788 2459 Qui
810 2377 1048 2466 cogitaverunt
1070 2374 1289 2469 supplantare
1311 2388 1453 2464 gressus

141 2494 252 2564 meos,
273 2471 526 2548 absconderunt
545 2474 685 2574 superbi
710 2475 869 2572 laqueum
895 2476 984 2548 mihi
1029 2454 1077 2563 ld.
1099 2473 1144 2547 Et
1169 2471 1456 2548 iuncsextende-

142 2587 222 2650 runt
257 2579 293 2650 in
325 2575 485 2672 laqueum
512 2579 656 2673 pedibus
687 2580 792 2668 meis,
822 2580 918 2651 iuxta
944 2581 1015 2650 -iter
1043 2575 1241 2662 scandalum
1266 2580 1455 2672 posuerunt

142 2677 233 2752 mibi.
272 2658 319 2765 lb.
348 2678 429 2751 Dixi
454 2680 621 2773 Domino,
648 2681 743 2755 Deus
760 2702 858 2754 mens
878 2703 917 2755 es
936 2691 986 2770 tu,
1009 2679 1137 2752 exandi
1157 2679 1305 2751 Domine
1329 2662 1456 2748 voce'bn

145 2783 310 2859 orationis
337 2803 444 2854 meae.
481 2767 538 2871 Χῖ.
561 2784 707 2858 Domine
729 2782 876 2856 Domine
896 2787 1005 2856 virtue
1032 2783 1151 2857 salutis
1170 2801 1269 2853 meae
1291 2777 1456 2851 obumbra
1592 2854 1599 2865 ,

144 2893 246 2981 caput
271 2905 384 2956 meum
402 2887 439 2956 in
461 2884 517 2958 die
538 2887 635 2960 belli·
683 2867 730 2975 ld.
752 2884 806 2959 Ne
827 2886 943 2960 tradas
963 2907 1018 2958 mc
1041 2907 1061 2956 a
1082 2883 1252 2958 desiderio
1275 2903 1353 2954 meo
1374 2901 1457 2977 pec-

146 2988 273 3075 catori,
300 2990 543 3081 cogitaverunt
566 2991 735 3065 adversus
756 3011 824 3079 me,
850 3011 895 3061 nc
918 2989 1136 3082 derelinquas
1156 3008 1225 3075 me,
1246 3006 1291 3056 no
1309 3003 1459 3078 unquam

146 3087 351 3159 exaltentur.
410 3092 457 3174 lif.
493 3089 601 3187 Capul
633 3096 793 3167 circuitus
821 3113 961 3182 eorum,
993 3090 1092 3163 labor
1117 3088 1285 3162 labiorum
1304 3089 1458 3181 ipsorum

147 3189 281 3284 operiet
307 3208 378 3261 eos.
430 3172 478 3276 lb.
506 3191 642 3265 Verum
657 3205 772 3266 tamen
794 3197 876 3266 iusti
901 3192 1150 3267 confitebuntur
1175 3189 1303 3262 nomini
1327 3196 1400 3274 tuo,
1423 3191 1459 3256 et
1491 3191 1497 3219 ‘¹

147 3289 344 3363 habitabunt
364 3295 452 3363 recti
476 3314 554 3365 cnm
575 3296 673 3367 vultu
697 3305 767 3368 luo.
813 3303 1034 3368 Finitol'r‘acta
1053 3301 1159 3366 dieitur
1171 3301 1273 3364 Passio
1293 3314 1383 3380 nuper
1404 3314 1460 3360 nu-

147 3403 213 3465 durn
228 3402 383 3485 pulpitum,
400 3423 484 3485 quarn
499 3403 658 3469 Gelebrans
673 3407 816 3469 submissa
830 3425 906 3469 voce
920 3406 1038 3484 legitis
1053 3423 1145 3467 cornu
1158 3401 1328 3484 Epistolac:

250 3496 369 3570 Passio
397 3498 535 3570 Domini
553 3502 665 3574 nostri
680 3498 761 3574 lesu
783 3496 907 3575 Christi
927 3497 1116 3574 secundum
1135 3495 1298 3568 Ioannem
1317 3490 1468 3589 (xvlss.·

146 3596 240 3670 XIX.
271 3599 432 3698 1-37).
478 3600 518 3673 In
536 3603 597 3675 illo
623 3612 791 3701 tempore,
818 3622 982 3696 agressus
1007 3611 1061 3674 est
1079 3598 1178 3675 lesus
1201 3610 1308 3670 etc'at
1328 3605 1460 3685 genufle-

148 3713 236 3772 ctitur
263 3719 294 3772 et
326 3721 466 3793 pausatur
493 3714 703 3796 aliquantulum
725 3717 756 3777 in
780 3734 886 3781 remu:
911 3704 961 3779 ,Et
988 3702 1150 3775 inclinabo
1182 3700 1294 3799 cupite
1323 3698 1461 3772 tradidit

147 3806 310 3878 siritnm.
1455 3867 1459 3874 .

167 3827 188 3900 p
252 3905 338 3992 Quod
365 3920 499 3999 sequitur
527 3916 621 3987 (XIX.
646 3911 810 4009 38-42)
832 3919 943 3998 legitor
964 3921 1083 3980 intono
1102 3890 1277 3994 Deopalli,
1303 3921 1333 3973 et
1353 3909 1460 3972 dicitnr

146 4007 293 4100 Munda,
313 4019 440 4082 sednon
455 4024 565 4102 petitur
580 4021 747 4085 benedictio
762 4032 792 4085 et
805 4041 866 4085 non
884 4018 1056 4085 deierantur
1069 4019 1232 4097 luminaria,
1246 4032 1343 4096 neque
1359 4013 1459 4073 incen-

147 4141 210 4184 sum
225 4132 257 4185 et
271 4118 431 4184 celebrans
447 4126 476 4185 in
490 4125 549 4186 linc
560 4143 622 4187 non
640 4127 789 4189 osculatur
802 4125 923 4187 librum:

250 4217 333 4290 Post
354 4215 441 4288 baec
458 4227 577 4289 autem
600 4237 657 4292 ete.

250 4327 366 4391 D‘clode
375 4328 521 4392 Sacerdos
535 4340 615 4393 stans
628 4331 659 4392 in
670 4348 763 4393 cornu
772 4327 936 4410 Epistolae‚
946 4325 1193 4411 incipitabsolnte
1203 4321 1309 4384 iunctis
1317 4319 1452 4383 manibus

252 4419 397 4496 Oramus
424 4421 641 4499 dilectissimi·
662 4421 763 4497 nobis
798 4445 862 4520 pro
889 4421 1048 4497 Ecclesia
1079 4426 1207 4494 sancta
1222 4416 1290 4488 Dei
1320 4422 1356 4485 ot
1382 4434 1458 4484 earn
1531 4503 1536 4515 ι

148 4520 245 4595 Deus
270 4533 307 4612 et
323 4524 496 4601 Dominus
511 4523 850 4629 noetepspacilicare,
871 4526 1023 4599 adunare
1044 4532 1079 4595 et
1105 4518 1279 4596 custodire
1301 4516 1460 4610 dignetur
1574 4592 1579 4608 ,

146 4632 221 4698 toto
239 4622 798 4723 attentarem-suttonam
815 4631 1026 4726 principatu
1050 4633 1087 4701 el
1109 4629 1314 4722 pelusiotes,
1336 4617 1463 4714 utque
1568 4720 1574 4727 ⁵
