3202 5176
671 357 752 426 357'

67 555 147 630 siae,
168 554 199 612 in
214 550 319 630 quibus
333 557 526 610 conservatur
539 565 614 627 aqua
628 547 784 612 benedicta
802 550 886 610 uacui
901 552 961 611 sint
976 559 1008 610 et
1022 551 1098 612 bene
1112 552 1221 613 mundi.
1262 551 1301 613 Et
1315 569 1385 632 pro·

68 654 204 716 videatur
222 653 301 733 quod
315 651 450 713 Ecclesia
464 651 559 732 possit
575 653 707 713 exterius
721 654 817 713 libere
831 653 988 713 circumiri.

170 771 311 832 Pontifex
329 788 415 830 mane
435 771 465 831 iu
487 791 541 834 suc
562 773 662 834 habitu
683 773 853 853 quotidiano
872 775 955 834 venit
968 773 1004 834 ad
1018 772 1200 852 Ecclesiam,
1221 776 1338 837 ordinat
1354 777 1384 838 in

67 873 202 936 Ecclesia
217 872 417 934 consecranda
432 891 507 952 quae
521 876 681 937 ordinanda
696 885 763 937 sunt
779 886 809 937 et
823 877 886 937 eius
900 877 981 936 iussu
996 878 1386 958 accendunturpraenrissae

69 975 225 1038 duodecim
246 975 388 1036 candelae
409 986 438 1036 et
458 977 652 1040 faldistorium
673 987 806 1039 ornatum
827 981 947 1058 ponitur
960 997 1047 1059 supra
1063 988 1163 1059 tapete
1177 982 1206 1040 in
1220 981 1317 1042 medlo
1331 980 1385 1041 Eo·

69 1079 198 1155 clesiae,
214 1087 245 1139 et
258 1097 329 1139 mox
345 1078 484 1140 Pontifex
500 1082 561 1141 exit
575 1079 757 1158 Ecclesiam,
772 1083 885 1142 cnuctis
899 1082 967 1142 inde
982 1083 1066 1142 exire
1079 1083 1185 1156 iussis,
1202 1101 1259 1144 uuo
1274 1091 1386 1144 tantum

67 1181 203 1242 Diacouo
218 1182 340 1257 amictu,
359 1180 442 1257 alita,
459 1183 581 1260 cingulo
595 1192 625 1244 et
637 1182 714 1244 stola
728 1192 831 1264 parato
846 1185 925 1244 intus
943 1176 1114 1245 lemanente
1129 1194 1159 1246 et
1174 1183 1328 1246 Ecclesiae
1341 1185 1386 1247 fo·

68 1302 118 1344 res
140 1282 322 1344 clauduntur.
334 1270 365 1357 ¹)
405 1282 488 1345 'lunc
500 1285 640 1346 Pontifex
661 1305 724 1346 curn
747 1287 828 1347 clero
852 1295 881 1347 et
900 1286 1012 1366 populo
1033 1286 1148 1348 accedit
1171 1287 1207 1348 ad
1222 1287 1319 1348 locum
1334 1286 1386 1347 ubi

69 1385 166 1465 pridie
186 1385 341 1465 Reliquiae
355 1387 472 1465 positae
485 1387 603 1448 fuerunt
618 1396 648 1448 et
663 1388 704 1448 ibi
718 1391 821 1468 incipit
836 1397 865 1448 et
882 1388 952 1450 dicit
967 1407 1043 1449 voce
1056 1389 1201 1450 submissa
1220 1408 1284 1450 cunr
1299 1388 1385 1450 cleri·

69 1483 257 1574 cis'seplcm
273 1479 429 1575 Psalmos
444 1507 508 1548 oum
523 1489 694 1569 Antiphone
708 1478 761 1551 Ne
775 1484 1006 1555 reminiscaris
1022 1491 1085 1553 etc.
1102 1493 1167 1553 sine
1181 1491 1321 1569 Litaniis,
1344 1493 1387 1552 iu·

69 1589 162 1650 duens
175 1591 292 1649 interim
305 1591 456 1666 amictum,
471 1590 589 1668 albam,
601 1591 767 1668 cingulum,
787 1591 892 1651 stolam
906 1601 937 1652 ct
949 1593 1080 1672 pluviale
1093 1594 1152 1654 albi
1170 1595 1296 1670 coloris,
1311 1594 1386 1655 acci·

68 1694 156 1772 piens
181 1691 294 1751 mitram
317 1691 481 1770 simplicem
501 1693 531 1752 in
554 1694 650 1773 capite
672 1701 702 1752 et
716 1693 849 1754 baculum
862 1694 1040 1773 pastoralem
1054 1695 1083 1754 in
1098 1713 1212 1755 manum
1227 1697 1401 1756 sinistram.

70 1793 156 1855 Alter
170 1811 288 1872 quoque
301 1793 451 1854 Diaconus
465 1803 582 1874 paratus
597 1795 734 1856 similiter
747 1796 869 1873 amictu,
888 1795 965 1873 alba,
981 1796 1101 1872 cingulo
1117 1804 1147 1855 ct
1161 1796 1248 1872 stola,
1264 1795 1396 1860 Subdia·.

70 1912 163 1955 conos
178 1896 265 1956 etiam
279 1897 414 1956 amictum
428 1894 522 1956 attam
537 1907 569 1978 et
582 1898 731 1975 cingulum
745 1897 875 1976 indutus,
890 1895 1020 1973 acolythi
1035 1906 1064 1956 et
1080 1898 1128 1957 alii
1143 1899 1268 1959 ministri
1283 1915 1387 1978 super·

69 1995 206 2078 pelliceis
227 1999 320 2078 parati
341 1997 446 2058 adsint.
487 1998 607 2078 Septem
621 2000 757 2060 Psalmis·
768 2000 897 2081 expletis
919 1998 998 2059 redit
1011 1998 1151 2060 Pontifex
1166 2019 1231 2074 cum
1246 2000 1387 2060 ministris

69 2108 138 2160 ante
159 2099 242 2160 fores
256 2098 411 2161 Ecclesiae
432 2096 651 2163 consecrandae
671 2111 702 2162 et
722 2111 826 2182 parato
848 2102 889 2163 ibi
911 2101 969 2162 alio
991 2120 1082 2182 super
1095 2111 1195 2181 tapete
1208 2080 1388 2177 faldistorio,

69 2201 211 2262 Pontifex
231 2211 312 2264 stans
336 2204 401 2265 sinc
421 2203 506 2263 mitra
526 2204 645 2266 inchoat
666 2213 697 2265 et
717 2204 820 2265 schola
835 2204 1028 2285 prosequitur
1039 2203 1239 2284 Antiphcnam
1252 2194 1388 2268 Adesto

68 2294 166 2367 Deus
187 2316 275 2368 unus
298 2297 514 2390 omnipotens
536 2297 639 2370 Pater
667 2307 701 2368 et
721 2296 828 2369 Filius
850 2306 884 2368 ct
905 2296 1052 2392 Spiritus
1071 2294 1227 2370 Sanctus.
1270 2305 1388 2366 Deinde

71 2406 142 2467 dicit
158 2415 238 2466 stans
257 2406 362 2466 eodem
376 2405 483 2466 modo:

176 2519 321 2591 Oramus.
353 2496 530 2591 'Actiones
550 2527 685 2591 nostras
704 2538 910 2613 quaesumus
924 2516 1071 2603 Domine
1091 2517 1273 2614 aspirando
1288 2540 1389 2614 prae

71 2623 153 2692 veui
175 2629 208 2690 et
231 2614 425 2691 adiuvando
447 2641 661 2716 prosequere
684 2629 720 2691 ut
747 2631 869 2691 cuncta
890 2628 1007 2691 nostra
1036 2622 1145 2690 oratio
1175 2629 1208 2690 et
1232 2621 1387 2713 operatio
1452 2698 1456 2703 ,

71 2746 91 2794 a
117 2733 151 2794 tc
179 2744 317 2868 se2mper
338 2724 475 2818 incipiat
499 2734 533 2793 et
557 2744 621 2819 per
646 2732 680 2792 te
702 2733 824 2818 coepta
844 2721 987 2792 liniatur.
1033 2721 1100 2793 Per
1124 2719 1303 2793 Christum.
1339 2725 1394 2818 fir.-

71 2824 193 2896 Ameu.
222 2835 236 2911 l
775 2828 783 2843 “

176 2956 239 3031 Qua
264 2956 340 3016 dicta
357 2955 497 3017 Pontifex
518 2961 639 3033 accepta
660 2955 744 3014 mitra
766 2953 933 3036 procumbit
955 2972 1045 3035 supra
1063 2953 1259 3015 faldistorium
1281 2953 1389 3014 ibidem

72 3067 278 3139 praeparatum
294 3066 324 3117 et
340 3055 484 3119 cantores
500 3057 644 3136 incipiunt
657 3055 786 3118 Litanias
801 3067 831 3118 et
847 3075 896 3119 cas
910 3066 1130 3138 prosequuntur
1145 3074 1239 3136 usque
1253 3055 1303 3116 ibi.
1332 3044 1388 3116 Ab
1416 3045 1419 3050 ¹

73 3153 166 3221 omni
185 3148 290 3236 melu,
313 3147 435 3221 Libera
457 3171 522 3222 nos
542 3148 689 3220 Domine
713 3148 917 3247 exclusive.³)
958 3160 1040 3222 Tunc
1053 3178 1181 3237 surgens
1197 3157 1336 3219 Pontifex
1351 3156 1388 3216 ab

71 3325 286 3342 ----·--

137 3419 167 3497 1)
181 3423 263 3479 Elii.
272 3421 301 3478 P.
316 3426 415 3474 norant
429 3418 508 3474 ritam
521 3419 701 3492 candelarum,
718 3439 787 3495 quae
800 3423 954 3494 significant
965 3422 1107 3477 duodecim
1117 3420 1279 3491 Apostolos.
1303 3421 1392 3476 Porro

75 3507 282 3580 praescribunt,
303 3513 332 3561 ut
354 3504 449 3561 eiectis
470 3505 592 3562 omuibus
607 3522 641 3562 ex
656 3508 774 3564 ccclesia
789 3509 866 3564 solus
883 3508 1021 3562 Diaconos
1035 3505 1192 3561 recludatur
1205 3505 1233 3560 in
1247 3521 1293 3565 eo.
1321 3507 1390 3562 Pro-

73 3593 147 3648 xime
169 3591 204 3647 ad
220 3597 313 3646 nostra
328 3597 451 3662 tempora
465 3589 571 3646 accedit
582 3591 640 3648 unt.
655 3592 805 3662 „Primitus
818 3593 889 3649 euim
904 3591 994 3661 decet,
1009 3598 1038 3646 ut
1046 3590 1201 3662 Episcopus
1214 3608 1273 3648 curu
1289 3590 1391 3648 ceteris

75 3676 205 3734 ministris
220 3682 264 3731 cat
279 3675 313 3730 ad
327 3675 471 3730 ecclesiam
486 3675 621 3747 antiquam
637 3685 664 3733 et
679 3677 716 3733 ibi
731 3677 882 3734 recondant
898 3676 1056 3748 vespertino
1072 3662 1195 3748 tempore
1211 3676 1347 3748 Reliquias
1363 3680 1392 3730 et

74 3763 167 3819 iubeat
181 3762 219 3818 ibi
234 3753 365 3816 exercere
380 3759 498 3830 Vigilias
513 3777 563 3832 per
578 3765 662 3817 totam
676 3769 791 3818 nomem.
817 3762 847 3818 ln
862 3760 980 3817 crastina
995 3767 1084 3816 autem
1099 3768 1143 3816 eat
1155 3762 1183 3818 P.
1197 3761 1232 3816 ad
1244 3761 1391 3816 ecclesiam

74 3862 143 3920 quae
158 3843 290 3902 sacranda
307 3851 390 3901 estet
405 3844 515 3900 ordinet
527 3842 554 3900 iu
569 3861 611 3916 eo,
628 3863 697 3920 quae
712 3845 863 3903 ordinanda
876 3852 982 3902 suut'et
994 3845 1174 3903 illuminentur
1189 3847 1263 3902 iussu
1277 3862 1327 3902 suo
1342 3844 1392 3899 ΧΗ

74 3931 205 3989 candelae
222 3937 251 3986 ct
265 3931 437 4003 expellantur
452 3945 546 3986 omues
558 3931 645 4004 iuras,
657 3930 1018 3988 niuisolusrlrchidiacouus
1027 3932 1119 3988 clauso
1128 3927 1389 3988 ostioiliimancat.“

136 4031 168 4113 Ἃ)
189 4034 305 4093 Silentio
329 4035 558 4107 praetermitttunt
577 4037 647 4092 hanc
667 4036 817 4092 Collectam
840 4044 868 4093 et
882 4052 951 4108 quae
966 4035 1133 4108 praecedunt
1147 4033 1188 4092 El.
1205 4033 1240 4087 ll.
1254 4033 1282 4086 T.
1297 4032 1388 4086 Solus.

74 4124 134 4182 liat.
155 4122 223 4177 haec
236 4120 333 4177 habet:
359 4121 422 4176 Tum
438 4120 466 4175 P.
483 4138 543 4177 cam
558 4137 639 4177 sacro
656 4121 753 4177 ordine
769 4121 867 4178 redcat
882 4121 918 4178 ad
932 4121 1075 4177 ecclesim
1090 4118 1242 4176 etinduaut
1257 4133 1287 4169 sc
1302 4115 1389 4171 sacris

75 4207 197 4264 uestibus
220 4213 248 4261 et
263 4204 363 4261 faciant
381 4205 499 4261 litaniam
514 4213 597 4277 prout
609 4207 678 4263 hora
694 4206 858 4263 dictaverit:
881 4224 932 4279 qna
944 4207 1053 4278 expleta
1064 4205 1137 4260 dicat
1148 4204 1218 4256 hanc
1230 4199 1385 4255 orationem

75 4291 268 4348 Actiones
284 4297 338 4352 etc.
360 4289 395 4345 Et
406 4296 471 4345 tunc
484 4290 615 4362 incipient
626 4292 853 4363 Responsoriurn:
869 4293 984 4348 Domine
998 4290 1023 4347 si
1039 4303 1188 4344 conversus
1204 4285 1287 4341 fuerit
1300 4302 1389 4357 popu-

77 4379 119 4432 lus
134 4383 203 4450 tuus.
226 4377 293 4433 lteru
308 4375 397 4431 aliud:
413 4374 553 4432 Exaudisti
560 4375 674 4431 Domine
689 4378 839 4433 oraticnem
854 4376 990 4434 servitui.
1015 4375 1081 4429 item
1090 4370 1178 4428 aliud:
1194 4371 1231 4426 ln
1244 4371 1391 4427 Domine

76 4460 339 4525 universorum
354 4457 442 4537 (quod
458 4477 531 4516 nuuc
543 4467 666 4518 cantatur
681 4469 744 4519 onte
757 4454 867 4519 tertium
883 4452 1047 4530 circuitum).

136 4560 169 4636 3)
190 4563 229 4623 El.
245 4564 274 4618 P.
296 4563 401 4620 contari
420 4549 530 4620 iubeant
545 4565 673 4622 Litauiaut
692 4573 756 4639 post
770 4567 910 4624 circuitum
926 4567 996 4622 intra
1013 4576 1099 4618 novae
1114 4561 1250 4617 ecclcsiae
1266 4559 1387 4617 moeonia:

77 4649 109 4706 ll.
125 4653 190 4722 post
204 4665 290 4719 aquae
307 4649 526 4708 benedictionem
541 4658 605 4708 ante
620 4651 770 4710 circuitam.
