3202 5176
138 557 203 633 gari
217 554 318 632 lingua
333 552 422 627 dicat,
436 550 568 611 scilicet:
583 539 760 613 Confiteor
774 553 839 613 etc.
856 551 905 612 rel
920 551 1025 612 salteur
1039 557 1138 610 utatur
1149 548 1197 609 his
1209 547 1328 611 verbis:
1346 536 1457 609 Confi-

137 659 217 719 teor
235 647 312 717 Deo
336 647 559 738 omnipotenti
577 653 613 716 et
633 644 693 716 tibi
705 645 818 717 Pater.
829 642 862 741 ¹)
884 655 1009 717 Peccata
1022 671 1074 716 sua
1087 651 1197 713 exinde
1210 651 1398 726 confisurus,
1411 651 1457 711 ad

138 763 275 834 iuvante,
290 756 525 837 quotiescunque
539 775 614 837 opus
627 755 716 816 luerit
726 757 905 818 Sacerdote:
919 758 969 837 qui
978 755 1237 817 confitentemnon
1246 752 1455 833 reprehendet,

139 863 197 923 nisi
212 862 309 936 linita,
327 869 359 919 ut
372 859 497 935 dicetur,
513 859 831 939 confessionemque
845 859 1060 939 interpellabit,
1075 858 1132 918 nisi
1144 875 1221 937 opus
1238 857 1331 917 luerit
1346 855 1456 936 aliquid

138 964 244 1024 melina
257 962 443 1038 intelligere:
465 962 592 1041 proinde
603 961 739 1023 fiduciam
753 963 780 1022 ei
794 962 937 1042 praebeat
951 971 981 1022 et
994 960 1159 1022 humaniter
1173 967 1338 1037 suggerat,
1352 967 1386 1018 ut
1398 977 1455 1020 οι·

138 1067 187 1126 nis
205 1074 327 1145 peecata
341 1083 394 1124 sua
407 1065 464 1123 rite
476 1073 506 1124 et
519 1065 639 1141 integre
652 1065 845 1142 conliteatnr,
863 1075 979 1126 remota
989 1063 1080 1124 etrite
1096 1063 1147 1122 illa
1164 1059 1357 1141 quorundam
1375 1079 1456 1122 vere·

139 1167 260 1242 cundia,
281 1186 338 1246 qua
351 1165 536 1246 praepediti,
552 1167 696 1227 suadente
707 1167 846 1244 diabolo,
863 1177 986 1247 peccata
998 1166 1136 1227 confiteri
1148 1183 1209 1225 non
1223 1162 1343 1224 audent.
1365 1195 1404 1204 -
1426 1163 1456 1222 Si

138 1271 297 1350 poenitens
317 1287 468 1330 numerum
482 1278 513 1329 et
526 1271 645 1348 species
660 1279 691 1330 et
706 1271 939 1331 circumstantias
953 1279 1143 1349 peccatorum
1156 1267 1309 1346 explicata
1321 1283 1456 1326 necessa·

138 1373 198 1431 rias
213 1389 273 1432 non
288 1371 483 1449 expresserit,
498 1389 564 1431 cnm
579 1372 726 1432 Sacerdos
740 1373 901 1452 prudenter
913 1375 1093 1448 interroget
1108 1399 1148 1411 -
1165 1369 1226 1429 Sed
1239 1377 1345 1429 areat
1357 1386 1397 1428 ne
1411 1386 1456 1428 ca·

138 1475 227 1535 riosis
243 1482 293 1532 aut
307 1471 459 1532 inutilibus
474 1472 758 1549 interrogationibus
772 1493 947 1555 quemquam
961 1475 1110 1550 detincat,
1133 1472 1309 1552 praesertim
1327 1472 1456 1530 iuniores

139 1577 293 1655 utriusque
306 1593 419 1649 sexus,
435 1574 482 1633 uel
495 1573 588 1651 alios,
602 1574 640 1634 de
655 1592 692 1634 eo
707 1575 788 1654 quod
803 1578 959 1652 ignorant,
973 1575 1176 1656 imprudenter
1188 1576 1398 1650 interrogans,
1420 1591 1455 1633 ae

139 1676 308 1738 scandalum
323 1677 480 1756 patiantur,
495 1676 624 1756 indeque
636 1695 765 1756 peccare
780 1666 946 1754 discant.²)
962 1711 997 1721 -
1014 1680 1137 1739 Densum
1149 1677 1246 1737 audita
1255 1677 1455 1752 confessione,

138 1779 330 1860 perpendens
350 1787 540 1858 peccatorum
562 1797 639 1858 quae
659 1778 711 1839 illc
725 1779 840 1840 admisit
853 1780 1086 1857 magnitudinem
1103 1799 1139 1841 ac
1152 1778 1385 1855 multitudinem,
1404 1795 1454 1857 pro

139 1900 243 1944 eorum
256 1881 405 1958 gravitate
417 1899 453 1942 ac
466 1883 649 1959 poenitentis
665 1881 849 1958 conditione,
864 1892 1048 1963 opportunas
1062 1881 1454 1961 correptioncsacnonitio·

139 2002 210 2059 nes,
225 1992 314 2062 prout
330 2000 406 2061 opas
420 2001 489 2042 esse
502 1982 626 2059 viderit,
638 1993 762 2062 paterna
775 1986 898 2045 caritate
910 1982 1080 2060 adhibebit,
1094 1993 1125 2045 et
1137 1984 1174 2045 ad
1188 1983 1325 2045 dolorem
1339 1992 1371 2043 et
1389 2000 1454 2042 cua·

138 2086 290 2145 tritionem
304 2084 475 2145 efficacibus
488 2085 590 2144 serbis
604 2085 752 2146 adducere
766 2086 932 2163 conabitur,
948 2096 1038 2167 atque
1055 2086 1092 2147 ad
1106 2089 1195 2147 vitan
1203 2085 1416 2147 emendandam
1424 2102 1456 2145 ac

137 2186 244 2246 melius
262 2186 470 2247 instituendam
486 2186 621 2263 inducet,
642 2187 830 2268 remediaque
843 2200 1032 2269 peccatorum
1047 2188 1152 2252 undet.
1183 2189 1339 2251 Postremo
1353 2187 1455 2248 saluta·

139 2307 202 2349 rem
222 2298 252 2349 et
266 2290 494 2349 convenientem
508 2290 740 2350 satisfactionem
756 2301 894 2371 quantum
906 2295 1029 2372 spiritm
1045 2301 1076 2352 et
1088 2291 1244 2371 prudentia
1256 2291 1455 2368 suggesserit,

139 2393 290 2468 iniungat,
304 2391 403 2451 habita
416 2393 532 2452 ratione
543 2401 659 2468 status,
673 2392 867 2472 conditionis,
882 2413 972 2455 sexus
988 2404 1018 2454 et
1035 2395 1141 2454 aetatis
1159 2396 1274 2455 etitem
1287 2393 1454 2473 dispositio-

137 2495 184 2554 nis
205 2496 429 2573 poenitentinm.
469 2494 635 2574 l'ideatqne
652 2513 692 2555 ne
705 2514 760 2575 pro
775 2499 907 2576 peccetis
920 2497 1061 2575 grauibus
1077 2495 1244 2556 levissimas
1259 2496 1455 2576 poenitentias

137 2598 283 2676 imponat:
306 2615 344 2656 ne
365 2598 391 2657 si
411 2597 491 2656 forte
509 2600 640 2677 peccatis
654 2600 829 2676 connivent,
849 2600 1013 2660 alienorum
1028 2608 1215 2679 peccatorum
1229 2600 1381 2678 particeps
1395 2597 1455 2658 elh-

137 2699 241 2760 ciatur.
267 2698 301 2759 ld
313 2717 387 2759 vcro
401 2708 470 2761 aste
485 2701 588 2761 oculos
602 2700 726 2777 habeat,
747 2710 777 2760 ut
789 2703 952 2764 satisfactio
967 2720 1026 2763 non
1041 2703 1080 2761 sit
1093 2710 1204 2761 tantum
1216 2701 1253 2761 ad
1267 2719 1367 2761 norae
1379 2701 1456 2760 ritae

137 2799 299 2860 remedium
314 2810 345 2860 et
358 2802 535 2862 infirmitatis
549 2802 803 2880 medicamentum,
818 2805 872 2865 sed
886 2806 972 2865 etiam
986 2803 1456 2887 adpraeteritoraarpeccatorum

137 2903 372 2976 castigationem.
390 2934 436 2942 —
452 2903 551 2976 Quare
565 2914 660 2979 curet,
674 2914 810 2982 quantum
824 2907 887 2966 lieri
896 2916 1007 2987 potest,
1026 2915 1057 2966 ut
1068 2907 1232 2966 contrarias
1242 2908 1375 2985 peccatis
1386 2921 1456 2985 poe·

138 3003 277 3062 nitentias
292 3004 440 3080 iniungat:
456 3004 547 3064 veluti
561 3007 658 3064 avaris
673 3007 891 3084 eleemosynas,
905 3008 1073 3069 libidinosis
1088 3010 1199 3069 ieiunia
1211 3008 1261 3069 vel
1274 3007 1347 3068 alias
1361 3008 1456 3067 carnis

138 3103 333 3182 afflictiones,
354 3104 493 3184 superbia
515 3105 688 3168 humilitatis
703 3109 830 3186 clliicia,
851 3111 1009 3174 desidiosis
1023 3110 1191 3174 deuotionis
1202 3110 1310 3176 studia.
1351 3109 1456 3171 llarius

202 3364 232 3441 1)
252 3369 304 3427 llit.
321 3365 486 3423 Trevircnse
505 3367 590 3425 1836:
614 3371 760 3428 l'oenitens
782 3373 848 3429 lecit
869 3374 1079 3431 Conlessioncm
1099 3375 1256 3445 generalem
1274 3370 1387 3427 dicens:
1408 3372 1457 3426 lclr

138 3467 243 3521 urerer,
260 3453 393 3523 sundiger
404 3452 514 3509 neuen
530 3454 640 3511 bcicbte
659 3456 715 3512 und
736 3458 863 3514 helsenne
882 3477 908 3513 ιι.
927 3477 950 3515 s.
970 3477 1005 3515 w.
1029 3460 1073 3516 bis
1092 3476 1126 3515 en
1145 3461 1208 3516 iene
1230 3457 1345 3512 Worte:
1365 3457 1457 3512 lleim

137 3536 246 3592 Schuld.
276 3536 404 3594 Omnibus
418 3539 541 3609 peccetis
555 3540 719 3611 declaratis,
736 3550 817 3614 prout
832 3544 962 3599 memoria
973 3546 1162 3615 suggesserit,
1175 3551 1202 3600 et
1212 3543 1321 3616 expleta
1335 3541 1456 3596 interru-

137 3620 439 3692 getium-Sacerdotis,
453 3623 478 3677 si
493 3623 609 3695 aliquam
625 3626 775 3681 laciendam
789 3627 968 3698 iudicaverit,
979 3631 1122 3701 poenitens
1137 3629 1218 3685 dicit:
1240 3628 1322 3683 lliese
1332 3626 1387 3681 und
1402 3627 1455 3681 alle

137 3705 225 3759 meine
246 3707 351 3762 andern
365 3708 489 3777 Sundcn,
508 3709 595 3765 deren
606 3710 650 3766 ich
664 3711 736 3767 mich
749 3728 802 3767 vor
813 3713 877 3769 (lott
891 3715 1019 3785 scbuldig
1029 3716 1132 3783 weiss,
1150 3713 1211 3769 sind
1222 3713 1272 3768 nair
1283 3728 1338 3768 von
1351 3712 1456 3767 lleraen

136 3789 192 3844 leid
203 3790 257 3844 und
272 3808 356 3846 reueu
369 3792 457 3861 nich,
476 3793 541 3849 weil
553 3794 597 3849 iclr
609 3797 655 3851 mit
668 3796 817 3852 desselben
832 3798 911 3868 (ιοιι,
929 3801 1036 3855 melnen
1050 3798 1375 3870 gerechtestenllicbter,
1390 3795 1457 3851 mei·

137 3891 189 3928 nen
201 3874 395 3932 liebreichsten
408 3876 508 3946 Vater,
527 3878 576 3935 das
588 3881 717 3952 bischele,
732 3881 824 3937 seiner
839 3884 925 3939 selbst
936 3901 1036 3956 neges
1049 3885 1119 3941 aller
1128 3884 1212 3941 lnebe
1224 3883 1279 3938 uad
1293 3882 1368 3937 Ehre
1383 3888 1456 3937 ιιιι-

136 3959 291 4028 digsteGut
304 3961 438 4030 beleidigt
452 3961 532 4020 habe
560 3965 607 4019 lclr
621 3967 679 4020 will
694 3967 764 4020 mich
779 3967 826 4022 mit
838 3968 934 4024 Gottes
946 3970 1026 4027 llilllc
1041 3971 1155 4026 besseru
1166 3966 1372 4025 nadbiltellw.
1386 3965 1456 4020 Ehr-

135 4043 250 4099 worden
263 4062 305 4099 um
317 4044 362 4101 dic
373 4047 583 4125 Lossprechung
598 4050 652 4104 und
668 4069 711 4107 nm
727 4052 788 4106 eine
802 4052 932 4109 beilsanrc
943 4055 1038 4111 Busse.

198 4130 229 4202 ι)
245 4129 300 4184 lsta
312 4130 436 4185 cautela
428 4147 456 4185 ru
466 4128 664 4203 interrogando
676 4136 828 4192 adhibenda
842 4145 885 4194 est
896 4139 1057 4211 praesertin
1072 4138 1146 4194 circa
1157 4144 1265 4194 sextum
1277 4082 1458 4211 praeceptum

135 4212 270 4283 llecalogi
281 4222 309 4270 et
322 4215 449 4271 ιιιιιιιιι
459 4216 495 4271 ad
507 4217 574 4273 illud
589 4221 768 4290 pertinentes
795 4222 891 4279 Paucis
905 4224 999 4281 verbis
1010 4223 1137 4280 ntendnnu
1148 4229 1191 4279 est
1201 4240 1217 4279 ιι
1229 4221 1457 4281 conuenientia

137 4301 165 4348 et
179 4297 264 4354 rerba
275 4317 451 4372 quaecunque
462 4302 623 4359 modestiam
637 4306 762 4361 comitem
777 4306 879 4364 habere
890 4308 999 4365 debent
1021 4310 1097 4365 llane
1109 4325 1203 4364 senaar
1217 4324 1251 4363 ae
1263 4307 1459 4365 salubrearve·

135 4385 224 4434 terum
238 4381 389 4440 doctrinam
402 4386 513 4456 saepius
526 4387 673 4458 negligunt
688 4391 813 4460 lesnitae,
825 4399 855 4450 ut
866 4402 943 4465 patet
956 4411 991 4450 er
1000 4394 1152 4467 eorundem
1163 4393 1241 4449 libris
1252 4390 1459 4464 poeniteatiali·

135 4463 196 4523 bns.
227 4465 323 4523 Pulcre
334 4469 452 4539 Agenda
467 4471 613 4526 llouestcr.
626 4475 708 4529 1712:
731 4475 839 4531 Pariter
856 4494 913 4535 non
930 4487 1010 4535 vacat
1027 4478 1136 4552 quiden
1151 4478 1277 4550 periculo
1291 4476 1328 4533 de
1338 4476 1461 4533 dirersis

135 4546 259 4604 luxuriae
276 4554 399 4622 peccatis
416 4555 580 4611 conitentes
595 4555 691 4611 audire
710 4588 752 4600 ·-
768 4590 811 4602 —
832 4562 911 4620 radio
927 4564 1030 4636 solari,
1049 4580 1096 4637 qm
1087 4564 1218 4620 cloacas
1227 4562 1379 4636 pertransit
1392 4561 1460 4635 qui·

134 4631 272 4704 loedetur,
281 4635 311 4691 hi
322 4653 379 4692 aon
388 4638 570 4701 ιιιιιιιιιιιω
579 4639 796 4714 deprehendent
980 4676 983 4681 ·
