3202 5176
805 339 996 455 254ἱ

266 570 270 574 -
295 534 410 597 Deinde
424 536 450 595 si
466 532 656 594 chirothecae
670 548 729 593 non
742 533 802 592 sint
816 529 1010 606 benedictae,
1030 504 1178 605 surgit'c..
1193 537 1223 589 et
1237 544 1287 588 aas
1301 527 1454 589 benedicit
1468 530 1509 591 di·

194 657 280 701 cens:
305 627 459 699 Oremus.
505 624 727 717 Omnipotens
749 626 806 718 qui
825 623 951 694 homini
971 622 1014 692 ad
1036 623 1220 712 imaginem
1241 630 1334 692 tuam
1356 622 1509 712 condito,

192 751 313 803 manus
337 729 554 801 discretionis
576 729 773 817 insignitas
807 734 976 843 tamquam
998 744 1165 814 organum
1191 723 1439 815 intelligentiae
1466 725 1509 796 ad

192 843 290 907 recte
318 829 528 948 operandum
552 827 691 916 dedisti‚
724 848 809 921 quas
836 828 971 899 servari
995 825 1138 899 mundas
1163 828 1390 920 praecepisti,
1418 829 1510 905 utin

195 937 245 1007 eis
265 934 377 1002 omnia
397 931 500 1022 digna
517 939 748 1024 portarentur,
770 938 804 999 et
821 930 905 998 tua
896 950 931 997 m
946 929 997 1000 eis
1016 927 1119 1018 digne
1137 937 1425 999 consecrarentur
1437 951 1510 1029 my-

194 1037 299 1110 steria
321 1030 454 1121 hene†
472 1032 588 1101 dicere
615 1041 650 1101 et
668 1034 777 1104 sancti
792 1027 824 1120 ι
840 1029 944 1101 ficare
965 1029 1108 1122 dignare
1125 1050 1284 1099 manuum
1304 1028 1393 1099 haec
1411 1038 1509 1122 tegu-
1598 1102 1600 1107 ,

195 1145 326 1208 menta·
349 1144 386 1204 ut
407 1136 600 1227 quicunque
627 1135 857 1204 ministrorum
872 1141 1034 1219 tuorum,
1039 1151 1218 1204 sacrorum
1237 1129 1439 1202 Pontificum
1458 1131 1509 1203 bis

195 1238 317 1310 velare
339 1257 458 1308 manus
479 1257 559 1308 suas
580 1256 658 1305 oum
683 1233 871 1304 humilitate
892 1233 1054 1321 uoluerit„
1077 1242 1145 1303 tam
1171 1232 1287 1305 cordis
1307 1254 1408 1327 quam
1428 1254 1509 1327 ope-

195 1342 244 1412 ris
267 1339 300 1409 ei
320 1336 515 1409 munditiam
536 1345 594 1406 tua
615 1335 852 1407 misericordia
874 1334 1115 1408 subministret.
1156 1334 1224 1407 Per
1247 1331 1416 1407 Christum
1438 1333 1510 1404 Do-

197 1442 323 1512 minum
342 1448 508 1510 nostrum.
559 1441 601 1528 Bt.
629 1436 753 1508 Amen.
807 1446 845 1506 Et
857 1446 991 1525 aspergit
1005 1463 1055 1506 eas
1069 1462 1143 1525 aqua
1158 1436 1324 1505 beue'dicta.
1362 1443 1508 1505 'lunoex-

197 1548 503 1613 trahiturGonsecrato
519 1548 642 1608 annulus
657 1548 845 1627 pontificalis,
859 1546 966 1608 deinde
979 1547 1064 1607 sedet
1080 1545 1111 1607 C.
1126 1555 1157 1605 ct
1171 1545 1374 1608 adiuvantibus
1387 1543 1509 1626 Episco-

198 1653 245 1733 pis
266 1650 482 1712 desistentibus
502 1651 627 1728 imponit
646 1649 711 1708 illas
731 1649 864 1709 manibns
887 1648 1059 1709 Consecrati
1081 1649 1199 1708 dicens:
1233 1637 1414 1710 Circumda
1440 1639 1509 1708 Do·

197 1747 290 1817 mine
311 1763 432 1814 manus
451 1741 551 1813 huius
569 1743 713 1813 ministri
733 1744 782 1813 tui
801 1741 965 1813 munditie
984 1743 1068 1812 novi
1088 1740 1248 1830 hominis,
1269 1741 1388 1834 quide
1409 1739 1508 1810 coelo

200 1843 389 1931 descendit,
417 1842 703 1936 quemadmodum
724 1842 828 1913 lacoh
849 1843 994 1916 dilectus
1013 1852 1104 1930 tuus,
1127 1842 1299 1936 pelliculis
1322 1842 1510 1912 haedorum

201 1948 329 2042 opertis
350 1945 505 2016 manibus
526 1954 711 2038 paternam
723 1944 996 2015 benedictionem
1018 1945 1135 2015 oblato
1152 1946 1242 2038 patri
1263 1943 1340 2015 cibo
1360 1953 1511 2039 potuque

201 2049 397 2140 gratissimo
422 2041 761 2140 mpetraut1)sic
788 2055 822 2116 et
844 2048 909 2119 iste
933 2046 1047 2117 oblata
1072 2067 1136 2140 per
1157 2066 1277 2118 manus
1300 2066 1379 2118 suas
1400 2044 1511 2118 hostia

81 2197 84 2201 -
200 2146 342 2222 salutari
368 2156 444 2238 grat
445 2149 499 2216 iae
525 2155 604 2216 luae
630 2145 904 2217 benedictionem
929 2149 1113 2242 impetrare
1139 2155 1320 2255 mereatur
1354 2146 1422 2216 Per
1439 2145 1510 2216 Do-

201 2252 327 2320 minum
354 2258 418 2319 etc

305 2358 343 2420 ιιι
356 2243 592 2437 sanrglmponit
606 2375 634 2417 et
625 2357 783 2419 annulum
797 2359 1005 2438 pontificalem
1028 2358 1100 2419 'lum
1113 2360 1210 2438 surgit
1224 2357 1256 2420 (ι.
1272 2368 1304 2420 et
1315 2358 1423 2439 accipit
1436 2355 1512 2420 Gon-

202 2470 348 2524 aecratnm
367 2478 422 2540 per
443 2469 558 2520 manum
572 2459 723 2521 dexteram
743 2469 773 2521 et
793 2462 904 2540 primns
920 2479 958 2521 ex
972 2461 1188 2522 desistentibus
1202 2460 1361 2542 Episcopis
1374 2479 1431 2541 per
1444 2461 1511 2521 sini·

203 2571 294 2624 stram
316 2571 345 2624 et
364 2563 543 2624 intronisant
563 2580 648 2640 enm,
665 2562 805 2643 ponendo
819 2563 913 2642 ipsum
928 2563 964 2623 ad
978 2563 1140 2624 sedendum
1152 2564 1182 2623 ln
1196 2562 1382 2641 faldistorio,
1404 2563 1512 2642 dequo

203 2665 334 2726 suirexit
356 2662 481 2737 (λιμοι
510 2665 536 2724 si
556 2663 586 2725 id
607 2664 657 2725 liat
676 2665 705 2725 in
726 2664 853 2726 ecclesia
866 2665 987 2745 propria
1001 2662 1193 2744 Consecrati,
1213 2666 1393 2726 intronirant
1405 2683 1470 2725 eam
1484 2665 1512 2722 in

204 2767 277 2829 sede
291 2764 461 2846 Episcopali
476 2774 619 2827 consueta
632 2776 662 2827 et
676 2764 708 2828 G.
723 2767 811 2828 tradit
825 2768 853 2828 ei
867 2767 1002 2828 baculum
1015 2767 1193 2848 pastoralem
1207 2768 1238 2827 in
1252 2754 1422 2843 sinistra³).

306 2867 422 2929 Deinde
442 2885 547 2927 verens
565 2867 601 2928 ιιι
622 2867 714 2928 altare
728 2866 761 2928 Ο.
781 2878 862 2929 stans
875 2870 997 2948 incipit,
1021 2870 1130 2930 ceteris
1149 2869 1292 2949 usquead
1307 2869 1396 2928 ¹linem
1411 2884 1515 2948 prose-

205 2968 364 3051 quentibus
386 2966 532 3042 hymnam.
586 2958 637 3030 Te
654 2960 767 3030 Deum
787 2959 991 3034 Laudamus.
1043 2970 1166 3050 incepto
1187 2971 1296 3047 hymno
1318 2969 1514 3032 consecratus

206 3071 322 3133 ducitur
336 3069 374 3130 ab
387 3068 603 3131 Assistentibus
617 3066 774 3150 Episcopi's
793 3089 850 3152 per
863 3071 1019 3134 ecclesiam
1040 3081 1070 3134 et
1083 3072 1219 3134 omnibns
1233 3071 1437 3135 benedicitl
1401 3059 1437 3130 eq
1465 3071 1514 3132 lli-

206 3241 338 3298 adnotare
360 3249 479 3314 lantum,
499 3245 572 3316 quod
587 3253 694 3302 certum
704 3254 765 3318 est,
784 3248 812 3305 in
825 3248 1013 3305 vetustissimis
1027 3248 1105 3306 libris
1119 3248 1219 3305 nullutn
1234 3243 1344 3332 caetere
1355 3248 1422 3304 ritus
1433 3263 1514 3318 supra

206 3325 301 3397 scripti
316 3326 470 3398 vestigium
805 3354 807 3359 2

267 3406 374 3486 1)ιιι
386 3427 440 3467 non
466 3410 539 3482 fugit
555 3412 627 3512 quod
647 3414 760 3484 legitur
766 3405 837 3487 apud
859 3412 1097 3503 Chrysostomum:
1118 3408 1172 3476 cdv
1192 3407 1478 3492 consensionisque
1500 3435 1516 3473 o

205 3486 320 3572 Ἰακιιβ
341 3485 461 3554 dtt’
423 3517 478 3555 ουκ
500 3488 612 3573 clanim,
630 3490 693 3556 ἄλλ’
714 3497 928 3576 οἰκονομίας
944 3506 1050 3570 tamen,
1069 3506 1099 3555 nt
1116 3501 1277 3557 sententiam
1292 3500 1516 3568 meanindicem

208 3580 294 3637 minus
305 3580 415 3650 placet
407 3598 435 3637 m
446 3582 517 3638 bona
529 3588 557 3638 ιι
567 3583 679 3654 pulchra
692 3584 817 3641 orations
827 3585 896 3640 baec
907 3584 1069 3640 manicarum
1080 3585 1274 3658 episcopalium
1285 3602 1344 3641 cum
1353 3586 1469 3658 pellebas
1475 3585 1516 3640 la

209 3662 271 3721 cobi
283 3665 483 3735 comparatio.

271 3745 301 3822 2)
318 3748 487 3807 Caerimonia
498 3749 535 3805 ab
546 3751 617 3807 omui
628 3757 764 3808 velustate
775 3758 888 3826 accepte
901 3751 993 3814 Cenat.
1007 3754 1079 3826 App.
1091 3751 1119 3823 8,
1133 3754 1165 3809 5:
1182 3749 1235 3813 acet
1249 3775 1286 3835 cp
1275 3750 1397 3813 ἕωθεν
1409 3749 1514 3849 ἕνθρο·

210 3827 339 3934 caliphas
353 3827 442 3905 εἰς
410 3855 464 3893 τον
479 3823 560 3915 αιιίῳ
550 3828 807 3912 *deceptpoosc'
772 3857 869 3896 τοπον
887 3857 970 3915 παρα
988 3838 1048 3895 τῶν
1069 3839 1183 3896 totana
1198 3832 1382 3908 ἐπισκόπων,
1395 3829 1518 3895 πάντων

210 3908 303 3976 eniens
323 3909 517 3992 φιλησιὶντιιν
540 3937 583 3998 τῳ
568 3914 633 3978 ’ἐν
652 3919 758 4000 Κυρίῳ
774 3912 930 3996 φιλήματι.
960 3919 1040 3978 Adde
1057 3922 1272 3980 Fortunatiano
1284 3922 1382 3982 vitas.
1398 3920 1518 3977 Martini:

209 4000 335 4072 Eligitur,
348 4002 473 4072 uehitur,
484 4009 621 4073 sacratur,
632 4003 671 4058 ιι
680 4006 889 4062 orcelooatnr.

271 4082 302 4160 ὃ)
321 4086 396 4143 Ordo
411 4088 545 4146 Romanus
559 4094 681 4146 vetustas
694 4090 764 4146 banc
779 4090 931 4147 emtionem
941 4088 1082 4146 dicendam
1095 4087 1275 4164 praescribit,
1291 4090 1399 4163 quando
1410 4088 1521 4145 Electus

209 4170 328 4227 induitur
339 4171 466 4228 manicis:
479 4172 656 4243 „Immensam
668 4174 837 4230 clementiam
850 4182 921 4232 ιιιιιιι
935 4191 1064 4246 rogamus
1078 4176 1250 4249 omnipotens
1263 4182 1292 4230 et
1304 4174 1423 4247 piissime
1438 4175 1520 4241 Deus,

210 4262 345 4314 ntmanns
355 4256 433 4315 iatius
448 4257 545 4314 ιιιιιιιιι
554 4256 594 4313 tui
611 4257 705 4316 fratris
725 4259 832 4330 nostri,
850 4261 922 4318 sicut
937 4260 1056 4318 exterius
1071 4261 1243 4321 obducuntur·¹
1253 4259 1366 4317 manicis
1382 4258 1465 4328 istis
1481 4257 1522 4313 sic

209 4336 329 4397 interius
325 4350 525 4413 nspengantur
544 4356 613 4399 rnre
629 4349 696 4399 tune
710 4344 921 4407 benedictionis.
923 4342 944 4378 “
973 4345 1004 4404 ln
1018 4345 1099 4403 ddisse
1114 4346 1223 4403 ltatoldi
1241 4345 1364 4401 manicae
1384 4360 1444 4399 com
1460 4341 1522 4397 aliis

210 4422 412 4561 gannientibus
422 4426 848 4489 ιιιιιιιιιιιιιιιιιιιιιιιιιιιιιιι.
869 4429 1350 4521 Etinblissalltyricicastetorntio
1362 4425 1523 4484 adindncn-

231 4521 365 4564 asmanus

269 4589 301 4666 ⁴¹)
321 4591 424 4653 Eddins
437 4596 588 4671 Stephanus
599 4598 663 4657 Vita
677 4598 800 4659 Willridi
813 4618 839 4661 c
851 4602 894 4659 ln
916 4599 1010 4674 lbique
1023 4600 1113 4660 statim
1124 4599 1273 4657 conventio
1283 4614 1386 4670 magon
1397 4597 1469 4653 lacta
1482 4601 1524 4651 est
