3202 5176
772 293 847 379 239

146 471 235 558 lloc
255 485 351 546 cente
376 479 463 546 mira
484 474 653 547 varietate
679 474 828 561 ecclesia
857 482 974 550 sancta
992 476 1240 595 circumdatur,
1268 488 1410 550 ornatur
1432 487 1471 557 et

147 578 299 677 regitur3
326 598 404 660 cum
429 577 518 648 alii
507 598 544 648 m
565 599 607 648 ea
633 576 830 666 Pontificem
853 579 911 648 alii
933 579 1073 651 minoris
1095 579 1223 653 ordinis
1242 578 1466 671 Sacerdotes,

146 663 294 750 Diaconi
305 688 350 753 et
377 675 606 768 subdiaconi,
633 676 850 752 diversorum
878 678 1033 750 ordinum
1059 682 1126 751 viri
1145 692 1404 771 consecrantur,
1432 691 1467 753 et

148 802 197 857 (ιιι
219 779 347 854 multis
383 791 417 851 et
456 790 618 851 aeternae
649 780 822 872 dignitatis
851 781 1019 853 membris
1045 803 1148 854 unum
1179 805 1305 878 corpus
1341 781 1466 857 Christi

112 974 117 980 .
146 879 302 953 efficitur.
342 880 475 976 ltaque,
497 881 557 953 lilii
575 882 799 970 dilectissimi,
821 905 908 977 quos
930 882 973 954 ad
998 894 1153 956 nostrum
1174 885 1378 956 adiutorium
1397 885 1465 957 fra-

145 995 236 1055 trum
254 993 457 1063 nostrorum,
473 983 647 1056 arbitrium
659 985 922 1058 ‘consecrandos
947 985 1071 1077 elegit,
1098 997 1237 1064 servate
1255 989 1291 1057 in
1312 986 1465 1059 moribus

145 1087 273 1162 vestris
301 1095 417 1162 castae
438 1096 473 1158 et
498 1095 639 1159 sanotae
659 1089 751 1157 vitae
773 1088 1011 1179 integritatem.
1063 1086 1256 1179 Agnoscite
1280 1089 1372 1183 quod
1393 1090 1465 1180 agi-

144 1190 198 1266 tis.
252 1187 431 1271 [nitamini
457 1188 550 1282 quod
563 1191 746 1276 tractatis,
777 1199 943 1283 quatenus
974 1192 1093 1263 mortis
1113 1191 1314 1270 Dominicae
1337 1199 1464 1285 myste-

146 1293 243 1372 rium.
261 1289 496 1380 celebrantes,
522 1289 728 1364 mortificare
754 1291 906 1363 membra
928 1303 1045 1365 uestra
1071 1295 1204 1364 avitiis
1228 1302 1262 1363 et
1284 1294 1464 1387 concupis-

146 1395 267 1471 centiis
289 1392 444 1466 omnibus
465 1395 669 1487 procuretis.
705 1389 764 1482 Sit,
776 1393 929 1466 doctrina
949 1395 1275 1488 vestraspiritualis
1296 1394 1465 1467 medicina

144 1495 274 1590 populo
297 1495 372 1565 Dei.
414 1492 467 1567 Sit
482 1494 570 1566 odor
585 1497 678 1566 vitae
690 1506 829 1568 vestrae
842 1495 1127 1567 delectamentum
1139 1497 1310 1571 ecclesiae
1326 1493 1464 1584 christi,

144 1607 182 1668 ut
207 1597 465 1693 praedicatione
490 1606 592 1690 atque
615 1596 775 1691 exemplo
798 1595 985 1670 aedificetis
1008 1596 1145 1668 domum
1165 1597 1200 1668 id
1224 1607 1276 1670 est
1301 1596 1464 1668 familiam

143 1699 230 1787 Dei,
259 1708 441 1792 quatenus,
457 1719 523 1768 nec
549 1717 615 1770 nos
644 1696 687 1768 de
715 1707 833 1787 vestra
859 1701 1107 1791 provectione,
1139 1719 1206 1768 nec
1226 1720 1292 1770 vos
1315 1697 1358 1768 de
1379 1699 1464 1769 tanti
1513 1710 1516 1715 ’

143 1799 251 1872 officii
283 1802 503 1895 susceptione
533 1799 686 1884 damnari
713 1822 734 1869 a
757 1800 910 1887 'Domino
934 1799 997 1872 sed
1019 1801 1233 1887 remunerari
1253 1801 1367 1894 potius
1392 1821 1464 1870 me-

141 1923 291 1979 reamur.
331 1899 446 2003 ¹Quod
474 1904 548 1997 ipse
570 1900 671 1975 nobis
692 1901 870 1973 concedat.
923 1902 991 1973 Per
1014 1903 1157 1994 gratiam
1179 1923 1284 1975 suam.
1338 1901 1461 1972 Amen.

246 2013 318 2083 Post
339 2013 416 2085 haec,
432 2021 558 2090 surgunt
578 2031 680 2074 omnes
702 2022 733 2075 et
752 2013 921 2093 ordinandis
944 2031 1043 2074 coram
1062 2013 1208 2074 Pontilioe
1229 2012 1306 2074 binis
1327 2022 1358 2074 ct
1384 2012 1462 2074 binis

124 2096 314 2185 'successive
333 2115 619 2194 genuflectentibus,
641 2115 773 2195 Rotam
796 2126 864 2176 ante
883 2107 1079 2177 faldistorium
1099 2132 1202 2192 suum,
1221 2115 1301 2179 nulla
1315 2117 1462 2192 oratioue,

143 2217 224 2279 nullo
246 2227 333 2287 canta
343 2218 542 2297 praemissis,
562 2219 687 2297 imponit
706 2218 804 2279 simul
799 2227 957 2298 utramque
971 2234 1085 2278 manum
1097 2235 1189 2303 super
1202 2227 1290 2297 caput
1305 2216 1463 2279 cuiuslibet
1569 2285 1571 2289 y
1593 2205 1597 2209 ’

144 2319 305 2388 ordinandi
319 2322 492 2390 successive
511 2319 584 2380 nihil
601 2318 715 2381 dicens
753 2320 893 2400 Idemque
912 2319 1024 2380 faciunt
1038 2327 1117 2399 post
1123 2337 1190 2403 eum
1202 2337 1306 2380 omues
1324 2319 1461 2381 sacerdo·

140 2431 187 2482 tes
198 2420 261 2500 qui
280 2418 403 2498 adsunt,
426 2438 551 2500 quorum
565 2428 626 2481 tres
640 2429 690 2481 aut
687 2420 804 2500 plures
819 2422 947 2501 planetis
962 2421 1010 2480 vel
1023 2420 1128 2481 saltem
1144 2439 1208 2480 oum
1222 2420 1309 2482 stolis
1327 2421 1421 2501 parati
1436 2421 1463 2480 si

143 2522 299 2591 commode
313 2522 376 2594 lieri
388 2531 507 2602 potest,
520 2540 587 2582 esse
601 2521 757 2598 deberent.
783 2522 848 2600 Quo
861 2522 943 2582 lacto
955 2528 1013 2582 tam
1026 2521 1059 2582 P
1072 2539 1157 2601 quam
1170 2522 1344 2583 sacerdotes
1358 2530 1463 2581 tenent

142 2624 404 2697 monusdexteras
425 2641 572 2703 expansas
586 2640 678 2702 super
693 2624 771 2684 illos.
797 2623 835 2685 Ει
849 2623 880 2684 P.
895 2623 966 2703 dicit
981 2611 1127 2686 Oremus
1148 2611 1274 2697 fratres
1296 2614 1462 2705 carissimi

142 2728 206 2793 elo.
232 2737 263 2788 ut
278 2746 312 2807 p.
330 2722 406 2797 ιιι.
442 2726 513 2801 Τιιιιι
533 2725 565 2786 Ρ.
585 2742 749 2799 conversus
773 2724 810 2804 od
833 2725 1013 2787 altaredioit
1065 2713 1221 2788 Oremus.
1274 2723 1312 2788 Et
1326 2724 1463 2787 ministri.

141 2818 337 2893 Fledlamus
351 2841 489 2912 gentle
497 2817 607 2890 Levat
593 2828 638 2889 t.e
665 2825 704 2888 m
715 2846 786 2899 mox
800 2845 964 2907 conversus
977 2827 1013 2889 ad
1026 2826 1207 2889 ordinandos
1220 2826 1304 2895 dicit:
1325 2812 1462 2893 Exaudi
1480 2834 1483 2844 ¹

140 2942 206 3000 nos
228 2943 434 3017 quaesumus
461 2929 524 2991 etc
553 2938 638 3008 utp.
660 2925 733 2990 alo.

171 3055 180 3066 ·
245 3033 318 3094 'lum
332 3034 465 3094 extensis
479 3032 611 3092 manibus
625 3040 693 3092 ante
706 3040 809 3112 pectus
824 3030 910 3092 dicit:
933 3023 1001 3094 Pel·
1022 3023 1135 3095 omnia
1155 3019 1373 3094 saeculorum
1396 3028 1461 3090 eto.

142 3144 215 3215 usp.
233 3131 305 3195 236.
352 3125 447 3196 Vere
467 3125 606 3215 dignum
628 3133 662 3194 et
684 3126 808 3197 iustum
831 3133 883 3196 est
885 3146 1064 3218 ,aequum
1087 3133 1122 3194 et
1143 3123 1294 3195 salutare
1316 3141 1381 3192 nos
1401 3119 1462 3190 tibi

141 3249 279 3324 semper
303 3227 484 3319 etubique
507 3228 634 3317 gratias
654 3242 792 3317 agere,
800 3225 948 3296 Domine
974 3236 1107 3344 sancte,
1128 3224 1230 3295 Pater
1245 3223 1460 3316 omnipotens
1496 3217 1500 3224 ’

142 3340 283 3433 aeterno
297 3331 407 3421 Deus,
426 3328 595 3399 bonorum
612 3337 732 3399 auctor
749 3336 783 3398 et
799 3327 999 3406 distributor
1016 3328 1166 3399 omnium
1180 3326 1287 3416 dignit
1274 3334 1379 3396 tatum
1393 3332 1457 3392 etc.

138 3428 290 3523 usquead
312 3431 469 3526 praemla
499 3440 761 3522 consequantur
779 3448 865 3529 utp.
885 3433 974 3499 217.-
1013 3437 1101 3513 Quod
1122 3438 1257 3516 sequitur
1284 3435 1366 3512 legat
1392 3435 1459 3494 sob-
1499 3456 1506 3468 ·

142 3542 232 3604 missa
245 3559 333 3620 voce,
347 3542 388 3612 ιιι
401 3549 499 3613 tamen
512 3539 591 3618 quod
605 3557 622 3600 a
637 3541 891 3630 circumstantibus
906 3540 999 3602 audiri
1012 3539 1125 3620 possit.
1151 3528 1220 3600 Per
1233 3526 1379 3597 eundem
1394 3537 1458 3598 eto.

245 3645 284 3705 P.-
299 3643 390 3704 sedet
396 3650 436 3704 et
451 3641 579 3703 relleotit
593 3621 727 3703 Οιιιιιιιιι
747 3644 812 3707 sive
834 3642 941 3709 stolam
961 3641 997 3703 ab
1001 3641 1146 3711 humero
1154 3640 1283 3701 sinistro.
1292 3619 1475 3717 cuiuslibet,

141 3747 263 3827 capiens
277 3755 390 3827 partem
404 3762 480 3824 quae
493 3753 575 3805 retro
588 3743 700 3824 pendet
714 3746 766 3806 et'
758 3761 913 3824 imponens
929 3761 1019 3824 super
1032 3743 1185 3803 dexterum
1200 3741 1363 3818 humerum,
1378 3749 1473 3819 aptat..

143 3867 208 3911 eam
232 3859 301 3912 ante
321 3856 427 3958 pectus
447 3848 478 3907 ιιι
495 3845 613 3906 modum
634 3848 730 3923 crucis
743 3847 886 3926 singulis
883 3846 999 3919 dicens:
1020 3835 1183 3931 Accipe
1173 3856 1290 3928 rugum
1308 3833 1460 3918 Domini,

141 3943 276 4077 iugum
281 3943 372 4019 enim
394 3941 482 4012 eius
489 3960 605 4019 suave
625 3949 678 4015 est
700 3949 736 4012 et
760 3960 847 4024 onus
874 3940 949 4012 eius
968 3937 1049 4010 leve
1057 3932 1100 4034 1)

133 4079 136 4083 ·
243 4053 352 4115 Postea
372 4051 497 4131 imponit
509 4050 631 4125 cuilibet
647 4051 820 4127 successive
834 4050 970 4127 casulam
974 4067 1067 4131 usquo
1080 4047 1116 4110 ad
1130 4045 1284 4128 scapulas,
1298 4060 1382 4123 quam
1397 4040 1459 4121 ιιι·
1471 4127 1474 4133 ¹

141 4154 216 4216 libet
235 4163 359 4247 teneant
376 4170 467 4247 super
481 4153 621 4216 humeros
629 4153 841 4234 complicatam
853 4171 871 4215 a
884 4160 970 4234 parte
981 4151 1124 4219 auteriori
1138 4149 1275 4221 deorsum
1289 4141 1458 4223 dependam
1460 4194 1464 4203 .

201 4381 231 4461 l)
251 4366 342 4455 Primo
352 4387 456 4459 legitur
465 4384 621 4453 formulam
636 4383 704 4445 cod
720 4400 796 4464 seeo.-
808 4384 850 4461 X,
861 4377 1036 4468 postmodum
1049 4376 1267 4456 frequentissime
1282 4374 1417 4450 occurrit,
1429 4373 1458 4429 in

138 4471 328 4530 minutioribus
345 4473 537 4546 aliquantulum
556 4471 694 4528 immutata
715 4489 741 4531 e.
758 4487 788 4544 g
802 4454 929 4546 Accipe
915 4488 1015 4544 rugum
1028 4463 1135 4525 Domini
1148 4462 1199 4520 Dei
1213 4447 1343 4520 dicentis.
1355 4460 1456 4531 iugum

139 4572 228 4612 meum
239 4573 322 4616 suave
336 4566 379 4614 est
393 4566 421 4615 et
435 4574 504 4615 onus
519 4574 606 4613 mcum
618 4557 689 4614 levo.
