3202 5176
767 335 842 405 26³

142 509 427 610 nerimParocio¹):
441 511 582 586 Annulo
595 533 662 588 eno
675 512 870 590 subarravit
883 516 1112 594 meDominna
1125 522 1458 622 ettamquamSponr

143 640 218 693 sam
245 618 425 690 damnavit
445 638 501 687 me
522 612 707 713 eorona..²)
1299 666 1302 671 -

244 728 321 791 llinc
334 727 482 791 Sacerdos
497 728 631 809 Sponana
644 729 791 809 Sponsam
808 728 853 791 hin·
865 731 966 793 verbio
980 731 1181 797 commendat:
1195 723 1235 797 N.
1249 727 1306 799 ioh
1318 725 1457 802 befelhe

141 822 198 896 dir
221 843 302 895 ausa
331 821 409 893 dem
433 820 572 893 befelch
599 818 738 910 (lottes,
770 821 852 895 daca
879 822 925 894 du
951 823 1043 898 diaer
1063 823 1103 897 N.
1128 827 1248 900 doiner
1267 827 1458 902 Ebeliehen

142 921 418 996 Haussiranwen
449 922 655 1016 getrewlich
686 924 894 1014 versichert,
928 926 999 997 und
1025 928 1076 999 sie
1090 929 1155 1001 »ala
1180 929 1304 1001 deinen
1330 933 1457 1022 cignea

142 1024 227 1099 tent
251 1025 423 1098 ornehren
448 1024 518 1096 und
535 1044 735 1114 verwaren,
759 1023 798 1097 lr
819 1026 908 1097 auch
929 1027 1086 1101 eheliche
1106 1039 1197 1103 trcw
1216 1033 1286 1103 ond
1307 1033 1458 1124 glauben

141 1127 278 1215 holten,
310 1127 380 1199 und
405 1123 478 1199 wie
505 1121 659 1200 Christus
691 1129 789 1200 aeine
814 1127 921 1200 Kirch
948 1131 1118 1222 gelieltet,
1148 1132 1236 1204 auch
1264 1135 1316 1208 aie
1342 1133 1458 1206 lichen

141 1229 296 1318 wolleat,
311 1229 403 1302 Also
421 1229 503 1302 daaa
522 1228 610 1299 ench
627 1227 743 1322 beyde
759 1229 1012 1306 nichta'anders
1030 1233 1120 1303 daun
1137 1233 1200 1305 der
1215 1233 1291 1306 Tod
1305 1234 1455 1308 achaida.

244 1339 352 1401 Postea
376 1354 540 1403 conversus
562 1339 599 1401 ad
616 1339 763 1419 Sponsam
783 1340 827 1401 illi
845 1342 994 1423 Sponsum
1015 1343 1217 1409 commendet:
1246 1333 1287 1407 N.
1314 1334 1376 1406 Ich
1396 1335 1456 1408 be-
1529 1344 1531 1355 '

140 1429 236 1502 fehle
254 1429 306 1503 dir
321 1454 390 1507 ,aus
411 1434 487 1503 dem
505 1431 643 1502 hefelch
665 1428 798 1522 nattes,
819 1433 899 1508 dass
920 1436 966 1507 du
987 1434 1117 1509 diesem
1132 1435 1173 1507 N.
1193 1436 1328 1508 deinem
1339 1434 1456 1528 Maon,

140 1534 201 1604 mit
216 1530 403 1604 Ehelichcr
420 1544 524 1621 trem,
547 1532 697 1624 glauben
714 1533 784 1605 und
804 1535 872 1606 llcb
892 1537 1120 1629 underthenig
1139 1550 1271 1632 sepem,
1288 1539 1378 1611 ihm
1397 1562 1457 1631 ge-

142 1633 380 1723 lrorsam,·ehr
405 1635 476 1705 und
497 1633 582 1703 nult
599 1636 785 1726 anzeigen,
812 1636 998 1727 gleichwie
1021 1639 1076 1708 die
1095 1638 1222 1711 Kirche
1243 1638 1379 1713 Christo
1404 1640 1457 1710 ilu-

140 1757 216 1807 rem
244 1735 349 1829 haupt
375 1733 602 1826 underthenig
628 1736 689 1824 ist,
721 1735 796 1808 also
825 1736 905 1810 daea
938 1738 1027 1809 euch
1052 1737 1169 1832 beyde
1192 1741 1305 1814 nichta
1331 1740 1456 1815 andans

140 1837 195 1908 ala
217 1835 280 1907 der
305 1835 383 1908 'lod
404 1835 553 1910 schalde.

142 2021 368 2037 -ιιύ-ι--ι

202 2126 278 2206 1)n.
288 2129 324 2186 11.
337 2129 417 2187 1513.
433 2129 632 2202 coniungantur
643 2128 738 2188 verbis
748 2129 820 2203 aptio
831 2137 877 2189 aut
887 2147 937 2205 per
948 2126 1040 2187 annuli
1051 2126 1235 2199 traditionem,
1250 2125 1281 2184 ai
1300 2134 1357 2187 eet
1375 2146 1456 2193 con,-
1577 2119 1591 2139 '

140 2212 294 2274 anetudo
317 2212 388 2270 loci
407 2206 442 2273 Α.
453 2213 487 2269 ll.
499 2210 577 2271 1551.
614 2212 737 2288 Utroque
755 2213 907 2272 affirmante
918 2208 1014 2286 iungat
1027 2229 1121 2270 manna
1132 2214 1272 2269 amborum
1285 2211 1413 2273 dexteras
1429 2220 1458 2272 et

141 2292 233 2356 annuli
249 2296 396 2354 traditione
415 2295 444 2353 ai
462 2304 515 2353 est
536 2298 770 2355 consuetudo
781 2300 891 2373 copulet
905 2315 965 2359 coa.
996 2298 1118 2354 Anonlna
1132 2297 1179 2354 illa
1194 2296 1322 2371 nuptialia
1337 2292 1458 2357 comme-

139 2390 261 2441 moratur
280 2381 351 2454 apud
365 2376 521 2437 tertullian.
533 2380 684 2455 Apologet.
705 2392 729 2442 e.
745 2381 771 2437 6.
794 2382 828 2440 ι1ο
839 2384 907 2446 idol,
920 2400 944 2445 c.
957 2381 999 2439 16.
1025 2380 1153 2438 Ambrae.
1167 2380 1218 2454 Ep.
1230 2381 1277 2438 lV.
1290 2383 1334 2439 54.
1355 2382 1457 2444 leidor.

141 2468 221 2526 otte.
240 2467 273 2538 2,
284 2468 328 2519 w.
355 2465 495 2521 Nicolaum
509 2467 530 2523 1.
544 2466 573 2521 ln
586 2468 667 2537 lterp.
683 2465 718 2522 ad
733 2471 857 2525 eoneetta
868 2469 1048 2538 Bulgaroram
1063 2483 1088 2524 c.
1099 2467 1126 2524 il.
1139 2482 1164 2525 e.
1175 2483 1202 2525 a.
1225 2466 1324 2522 'lamen
1340 2480 1461 2539 quonam

139 2559 264 2624 tempore
280 2551 309 2606 in
325 2549 406 2607 ritum
420 2549 635 2606 ecelesiasticam
645 2550 758 2608 traditio
768 2561 797 2610 et
807 2552 963 2609 benedictio
978 2550 1070 2608 annuli
1085 2556 1196 2620 recepta
1211 2550 1263 2620 eit,
1280 2564 1393 2622 prorsus
1405 2551 1458 2607 alia

141 2643 184 2695 eet
201 2635 343 2708 quaestio:
363 2635 462 2707 opinor
481 2650 536 2691 non
552 2643 615 2691 ante
633 2637 771 2693 saeculnm
789 2653 889 2693 nonum
908 2636 953 2692 vel
973 2635 1106 2690 decimum
1125 2633 1153 2688 id
1170 2634 1268 2691 lactum
1288 2651 1356 2690 esse.
1384 2633 1457 2690 libri

139 2720 279 2778 inferioris
290 2716 388 2776 aetatis
400 2718 488 2775 varias
501 2719 629 2776 exhibent
639 2719 948 2776 annuliBenedictionee
962 2736 989 2775 v.
998 2735 1038 2774 c.:
1053 2718 1168 2773 Creator
1180 2724 1208 2772 et
1218 2726 1399 2776 conservator
1406 2718 1457 2774 hn-

140 2805 211 2861 mani
223 2804 344 2876 generis,
357 2803 438 2872 dator
452 2809 581 2859 aeternae
593 2802 706 2875 salutis,
719 2804 891 2878 omnipotens
906 2805 992 2874 Deus,
1008 2809 1037 2859 tu
1053 2801 1180 2875 permitte
1190 2800 1319 2874 Spiritum
1330 2801 1457 2859 Sanctam
1540 2818 1546 2827 ⁸

140 2887 623 2962 paraclitumnnperlmnoannulum.
646 2889 706 2945 Per.
728 2888 789 2946 Alia
802 2887 1070 2961 subsequetnrinlra.
1093 2885 1236 2943 Caeterum
1250 2885 1456 2958 docentdgen·
1559 2902 1565 2913 ’

139 2973 192 3030 dae
203 2974 395 3045 moguntinae,
414 2973 521 3030 decimo
537 2981 618 3032 texto
639 2975 752 3031 eaecnlo
769 2989 825 3031 non
845 2972 944 3046 ubique
955 2973 1036 3029 ritum
1044 2970 1169 3028 tradendi
1181 2967 1306 3028 annulum
1316 2972 1401 3028 iuiaee
1411 2971 1457 3029 vel

139 3066 232 3115 notum
246 3061 290 3114 vel
301 3065 449 3130 receptum.

200 3158 230 3237 2)
245 3160 344 3216 Neacio
366 3177 399 3216 an
417 3162 484 3217 haec
503 3161 618 3238 formula
634 3160 774 3232 pertineat
790 3159 826 3215 ad
834 3159 909 3224 illam
920 3166 1038 3217 aetatem
1053 3175 1105 3232 qua
1118 3159 1147 3215 in
1159 3157 1355 3220 Benedictione
1368 3172 1457 3213 novo-

137 3261 200 3300 rum
222 3245 367 3315 coniugum
383 3245 412 3301 id
434 3252 568 3303 servatum
584 3252 627 3301 est
647 3245 784 3301 a-latinis
806 3244 879 3316 quod
899 3244 982 3301 hodie
1000 3244 1148 3315 diligenter
1162 3241 1324 3299 servatoria
1338 3241 1456 3299 ecelesia

141 3326 277 3386 orientali.
299 3327 368 3386 Dico
381 3345 543 3385 coronarum
555 3327 711 3401 nuptialium
721 3328 952 3399 Benedictionem,
969 3328 1032 3384 dico
1044 3327 1143 3400 Sponei
1156 3344 1189 3383 ac
1200 3327 1323 3399 Sponsae
1338 3342 1388 3396 per
1400 3343 1457 3380 ma-

140 3431 189 3469 nna
209 3413 366 3469 Sacerdotis
386 3413 600 3470 coronationem.
626 3411 732 3468 Etenim
751 3412 863 3468 saeculo
881 3419 977 3483 quarto
996 3418 1112 3467 exeunte
1131 3412 1295 3467 admiserunt
1313 3408 1457 3466 christiani

140 3513 261 3554 coronas
284 3497 434 3567 nuptiales,
456 3504 534 3552 antea
545 3504 598 3552 tam
610 3497 727 3565 ferventi
739 3497 849 3567 gentilis
864 3495 1006 3566 pravitatis
1018 3495 1082 3550 odio
1094 3496 1230 3564 reiectas,
1251 3501 1279 3549 nt
1290 3494 1457 3550 Tertulliano

140 3597 228 3652 aeque
239 3579 384 3636 abmrdum
396 3580 534 3636 aitcibnm
545 3595 625 3649 aure,
637 3596 732 3636 aonam
743 3596 807 3636 aare
817 3588 899 3651 atque
909 3581 1005 3637 liorem
1017 3579 1107 3650 capite
1122 3577 1232 3634 nectari.
1253 3577 1291 3633 At
1304 3593 1374 3634 vero
1389 3595 1457 3635 cave
1476 3582 1479 3587 '

139 3680 176 3725 ne
188 3680 352 3721 coronarum
363 3664 469 3719 illarum
481 3680 557 3721 usum
572 3665 721 3721 confundas
733 3681 793 3720 cnm
804 3664 992 3720 ecclesiactica
1003 3663 1169 3719 caerimonia
1180 3660 1378 3719 coronationis.
1400 3663 1458 3718 Nec

140 3749 283 3823 quiequam
296 3748 416 3821 acriptor
431 3755 518 3805 armat
529 3748 670 3819 antiquae,
685 3764 738 3820 quo
750 3749 817 3805 artie
832 3755 909 3803 certo
922 3748 1027 3803 auctori
1042 3754 1143 3818 stetur,
1159 3747 1210 3804 nisi
1223 3747 1296 3803 forte
1307 3747 1388 3804 iidem
1399 3756 1456 3821 mt-

140 3841 218 3890 retur
233 3833 297 3890 Vita
316 3833 345 3890 S.
364 3833 472 3904 alexii,
492 3834 536 3890 cni
556 3850 608 3889 una
624 3849 683 3889 cnm
697 3848 799 3906 sponsa
813 3847 952 3902 „coronas
966 3848 1017 3904 per
1027 3846 1119 3888 manus
1129 3832 1400 3889 honoratissimcmm
1409 3824 1457 3889 aa·

140 3917 282 3976 cardetum
292 3918 433 3990 impositae
448 3920 533 3975 eaae“
547 3920 635 3974 relect
645 3918 731 3974 libelli
742 3924 847 3974 auctor.
875 3917 1015 3973 Ralutatur
1027 3915 1164 3988 Gregorio
1181 3932 1224 3988 ep.
1240 3919 1303 3974 171:
1318 3917 1455 3988 „caetera

140 4003 219 4060 tobia
233 4019 318 4059 curae
329 4002 398 4059 nint:
414 4011 529 4059 coronat
544 4004 651 4075 quidem
665 4011 743 4075 pater
758 4009 788 4058 ut
802 4002 922 4074 optavit:
936 4001 964 4057 id
977 4003 1057 4073 enim,
1072 4001 1207 4059 aialicubl
1220 4001 1248 4056 in
1261 4001 1361 4073 ruptiis
1374 4014 1456 4072 praa·

139 4095 233 4145 cantes
252 4088 350 4171 fuimns
369 4088 539 4145 instituimus.
571 4088 681 4144 lllornm
704 4087 775 4143 enim
795 4094 857 4142 suut
868 4100 989 4142 coronae
1002 4087 1147 4159 propriae:
1163 4084 1197 4142 ad
1211 4102 1263 4142 nos
1275 4101 1344 4141 vero
1360 4090 1458 4155 precer

140 4172 255 4229 laedere
268 4173 407 4246 epectat.“
430 4172 510 4229 Adde
523 4171 664 4228 Nicolaum
678 4173 706 4229 in
716 4171 840 4244 Epistola
853 4170 888 4227 ad
902 4169 985 4242 Bulg:
1006 4172 1092 4244 „Post
1105 4173 1174 4226 haec
1185 4176 1274 4225 autem
1286 4168 1320 4223 de
1336 4165 1458 4223 ecclesia

139 4257 249 4328 mecei
260 4273 380 4314 coronae
390 4257 418 4314 in
429 4256 562 4330 cppitibue
576 4263 694 4327 geatam,
708 4254 816 4329 quaein
828 4256 946 4313 ecclesia
957 4257 1017 4329 ipsa
1028 4256 1126 4315 solitae
1137 4255 1191 4312 nint
1201 4251 1373 4308 reservari.·“
1393 4251 1459 4307 Utut
1573 4280 1577 4285 ·

140 4348 202 4411 est,
217 4349 280 4398 ante
291 4359 364 4400 naec.
378 4342 452 4398 xlv.
465 4343 494 4399 in
503 4340 632 4413 liturgiia
648 4357 755 4414 quoqne
770 4342 870 4398 nullum
882 4349 972 4398 exalat
981 4343 1053 4399 illius
1067 4338 1249 4396 caerimoniae
1261 4351 1349 4409 neque
1358 4342 1458 4409 postea

140 4425 212 4497 apud
223 4428 323 4484 multon
334 4427 432 4484 ueimta
446 4427 530 4484 luiaae
540 4427 657 4484 ridetur.
680 4427 764 4483 Unam
775 4427 848 4483 addo
855 4427 1056 4483 Benedictionia
1067 4424 1208 4481 formulam
1220 4422 1360 4491 „Benedic
1369 4417 1459 4498 †llo·

140 4509 213 4565 mine
231 4513 356 4569 annulum
372 4512 454 4571 iatum
469 4519 498 4568 at
512 4527 644 4568 coronam
659 4512 756 4584 iatam,
771 4513 883 4569 ntaicot
895 4510 1008 4569 annulus
1020 4508 1168 4569 circumdat
1178 4504 1292 4576 digitum
1301 4502 1460 4565 temneat

138 4609 243 4650 corona
257 4604 352 4669 eaput:
367 4597 403 4654 ita
418 4597 507 4668 gratia
519 4597 635 4670 Spiritus
646 4596 739 4655 Sancti
750 4597 900 4654 circumdet
910 4598 1044 4670 Spouanm
1058 4601 1088 4651 et
1097 4592 1262 4666 Sponsam-‘⁴
1308 4606 1311 4611 “
