3202 5176
784 260 834 329 36

135 463 191 523 der
203 455 310 520 Cotton
321 455 514 520 nochdieser
525 455 593 518 Zeit
605 455 646 516 ist
666 455 700 543 in
712 451 767 515 der
779 452 870 517 Form
888 451 1032 533 peordnet
1047 452 1189 536 worden,
1223 455 1298 519 oder
1316 456 1403 521 Fullo
1424 478 1465 523 er

134 562 245 642 frc‘tlser
257 578 292 624 ao
303 579 381 638 war,
394 560 477 621 diere
490 557 643 638 lllct'rtprer
656 557 733 619 doch
745 562 853 637 spdter
864 556 1026 637 heipeeetnt
1037 557 1169 621 worden.
1191 555 1326 623 Hierone
1338 561 1460 642 erpieht

137 666 212 741 sloh,
232 666 307 726 dosa
321 682 391 725 mort
404 660 466 738 cof
483 662 532 723 dle
550 659 630 727 Zolsl
646 658 745 738 swdlf
758 660 839 723 nicht
852 660 953 723 honen
974 659 1065 725 donn.
1085 695 1128 707 —
1145 694 1189 719 .-
1213 659 1367 726 Viellolchl
1389 665 1465 727 ar'nd

138 768 186 830 die
199 766 331 829 Xirelten
348 766 403 826 der
415 765 455 825 irn
468 759 574 827 Canen
595 762 796 844 onpefa'ihrtcn
808 762 964 845 Mdrtprer
991 764 1039 827 dle
1057 770 1160 827 ersten
1190 761 1465 831 emonensem

139 874 171 932 in
188 870 275 933 Rern.
314 869 353 929 m
375 886 434 929 nou
448 868 538 929 video
554 887 608 929 cur
620 868 672 928 Vir
686 868 799 930 Doctus
812 877 870 932 tam
885 867 1034 957 mordicus
1059 867 1135 930 hsno
1149 871 1322 949 opinionem
1345 880 1465 951 teneat,

142 973 289 1041 canonem
305 990 364 1032 uon
379 969 519 1051 paulatim
535 972 703 1031 conlectum
717 980 805 1052 atquc
818 970 971 1032 adauctum
987 970 1116 1032 essesed
1130 989 1190 1032 uuo
1205 972 1371 1054 codemque
1386 983 1464 1037 tem·

141 1076 222 1157 poris
238 1083 388 1136 momento
403 1092 441 1134 ex
457 1074 555 1154 capite
574 1072 740 1151 ecclesiae,
754 1082 785 1134 ut
801 1072 965 1135 fabularum
991 1072 1117 1136 vocibus
1131 1082 1206 1152 utar,
1225 1084 1317 1138 totum
1333 1085 1364 1139 et
1386 1078 1467 1141 intc-

141 1176 432 1257 grumprosiluisse.
470 1176 581 1238 I'uetur
599 1176 791 1256 hypothesin,
812 1193 898 1254 quam
912 1175 977 1256 ipsc
998 1174 1156 1238 labefactat
1180 1186 1269 1258 atque
1297 1181 1467 1259 pervertit:

145 1279 284 1342 concedit
317 1279 394 1340 enim
425 1279 507 1359 quod
528 1276 750 1340 concedendum
782 1285 845 1356 cst,
874 1277 1015 1339 nonnulla
1027 1277 1187 1356 Martyrum
1208 1282 1328 1343 nomina
1340 1283 1468 1345 messio

144 1391 248 1463 quartu
274 1382 395 1443 adiecta.
406 1400 483 1443 esse.
519 1382 672 1458 Quaestio,
688 1382 712 1442 si
726 1380 796 1461 quid
812 1380 912 1459 video,
932 1399 991 1442 non
1006 1381 1105 1459 magni
1120 1391 1169 1469 est
1181 1382 1334 1463 ponderis.
1362 1384 1467 1447 Primo

145 1503 289 1546 canonem
318 1494 459 1545 ornarunt
491 1483 646 1546 duodecim
681 1484 884 1565 apostolorum
925 1485 1058 1545 numium:
1081 1487 1209 1547 accessit
1239 1486 1328 1548 Beata
1355 1482 1469 1567 Virdo,

25 1634 30 1647 .
145 1587 260 1649 adiecta
281 1596 349 1648 suut
364 1586 505 1668 deinceps
526 1584 686 1664 Martyrum
719 1588 838 1649 nomina
864 1587 1025 1648 secundum
1044 1594 1159 1666 tempus
1186 1588 1343 1669 passionis.
1378 1589 1491 1673 Quod¹

145 1690 182 1753 ad
199 1708 351 1778 numerum
365 1689 596 1769 duodenarium,
608 1674 842 1772 odppsrpog'est
855 1689 1059 1770 apostolorum
1066 1688 1204 1768 catalogo
1218 1693 1471 1769 scmpsteriorum

146 1793 263 1875 plenus.

248 1929 340 1989 Ilissa
365 1928 475 2004 Illyrici
502 1938 571 2007 post
598 1927 787 1989 Memento
815 1946 885 2008 pro
915 1929 1023 1988 vivis
1057 1929 1147 1990 hahet
1178 1929 1342 1991 orationem
1367 1930 1472 1992 llanc

148 2032 390 2096 oblationem
413 2030 644 2108 hamilitatis
664 2018 767 2088 meae
791 2040 848 2091 etc.
878 2048 916 2090 ex
936 2039 1021 2109 parte
1036 2031 1160 2091 similem
1183 2031 1295 2095 Ganoui
1318 2032 1474 2111 Romano,-

57 2206 61 2213 ,
148 2137 217 2196 dein
238 2152 276 2194 en
294 2151 378 2194 more
393 2133 514 2192 aliarum
541 2132 706 2193 orationum
720 2132 768 2191 dat
783 2138 893 2192 tanturn
912 2132 1025 2191 initium
1045 2134 1158 2207 Quam
1173 2133 1415 2197 oblationem
1428 2145 1471 2211 tu

122 2239 252 2299 ‘Deus
278 2237 315 2296 in
338 2234 509 2296 omnihus
538 2252 779 2317 quaesumus.
827 2233 909 2295 Ilanc
942 2235 1054 2315 exeipit
1075 2237 1170 2297 oratio
1202 2236 1324 2298 dicenda
1346 2238 1468 2317 quando

151 2340 308 2401 concilium
322 2337 377 2419 vel¹
389 2338 543 2399 consilium
559 2336 680 2416 aliquod
694 2339 800 2414 agitur.
825 2336 877 2397 llis
900 2339 1242 2418 praemississequuutur
1254 2326 1346 2400 v'erha
1362 2340 1412 2402 llo
1422 2346 1471 2400 m·-

94 2516 97 2523 .
150 2428 1257 2522 manicantesetmemoriamveneraniesseddesuntrettqua.
1295 2442 1472 2505 Incousen·

152 2545 188 2605 tit
211 2562 274 2604 oum
298 2542 494 2620 Gregoriano.

251 2679 329 2740 XVI
382 2680 467 2740 Rem.
496 2679 662 2760 dispone
680 2711 724 2722 -
743 2679 863 2760 eripe.
898 2713 934 2721 -
966 2678 999 2741 In
1031 2679 1244 2742 festivitatibus
1262 2664 1416 2743 Paschatis
1439 2690 1475 2745 et

102 2856 108 2869 ,
150 2786 346 2871 Pentecostes
361 2770 400 2842 fit'
410 2782 548 2862 specialis
565 2783 677 2844 oblatio
693 2801 748 2863 pro
763 2770 1004 2844 renatiseionte
1017 2784 1211 2864 baptismatis.
1249 2782 1375 2845 Omnino
1390 2782 1473 2865 apud
1509 2835 1515 2846 .

151 2895 287 2951 vetustos
308 2885 447 2965 spectatis
469 2886 595 2946 iutcntio
616 2904 708 2964 saepe
731 2887 760 2946 in
781 2885 995 2947 hacoratione
1015 2887 1209 2968 exprimitur,
1230 2894 1354 2968 propter
1380 2904 1471 2967 quam

107 2974 110 2979 ’
153 2990 329 3052 sacrificium
348 2972 480 3048 offertur.
520 2986 601 3048 Ilaec
619 2987 714 3048 Bona:
743 2997 857 3048 etsane
875 2980 1042 3065 magna'est
1062 2989 1205 3052 librorum
1226 2989 1394 3052 diversitas.
1434 2988 1471 3051 In

154 3095 220 3175 ipso
238 3089 351 3153 Codice
372 3088 581 3180 Othohoniano
608 3090 750 3183 secundis
769 3091 845 3151 curis
869 3090 987 3152 additur
1011 3111 1026 3153 a
1050 3095 1213 3154 recentiori
1237 3098 1342 3156 mauut'
1360 3142 1365 3151 .
1380 3090 1473 3154 Hono
1511 3166 1517 3177 ι

153 3197 246 3273 ipr'tnr
259 3193 447 3269 ohlutc'onern,
467 3204 559 3269 poam
572 3190 626 3253 tihi
637 3210 676 3254 oc
687 3193 719 3261 oi,
732 3192 872 3272 indenna
881 3211 941 3273 pro
956 3194 1162 3256 emendatione
1177 3194 1327 3257 ciclorum
1352 3211 1392 3255 oc
1417 3213 1468 3257 re·
1490 3206 1495 3215 ’

152 3286 296 3357 mnsiorce
312 3300 508 3373 peccatorum
528 3313 664 3357 meorum
684 3294 779 3377 offero
798 3303 827 3356 et
842 3296 1013 3376 propterte
1026 3296 1196 3377 Martyrum
1209 3304 1239 3358 et
1253 3292 1474 3383 confedoeratos

154 3405 184 3460 et
205 3417 264 3478 pro
283 3397 382 3459 solute
401 3394 537 3459 cicorum
556 3398 606 3460 cel
623 3400 727 3479 requie
739 3397 950 3477 defunctorum
960 3402 1061 3479 propi.
1123 3439 1154 3462 ..
1169 3388 1335 3482 adspicias,
1355 3384 1471 3463 soncti-

151 3502 235 3581 ficen
255 3548 263 3563 .
279 3548 308 3575 ,.
327 3499 501 3580 sanctinees
523 3504 542 3566 †
558 3501 698 3565 benedice
713 3549 720 3564 .
735 3549 742 3564 .
758 3500 975 3570 ‚lberuedc'eos
999 3504 1018 3566 l
1033 3501 1092 3564 Per
1110 3515 1198 3583 quem
1221 3503 1399 3583 suppliciter
1414 3486 1471 3566 de·

151 3622 209 3683 pre
228 3651 235 3667 .
255 3651 262 3665 .
279 3649 311 3668 ..
338 3603 395 3665 Per
414 3600 565 3666 Christum
583 3605 743 3668 Dominum
762 3610 909 3668 nostran.
947 3604 1095 3686 Gregorio
1117 3626 1225 3687 magno
1246 3625 1395 3669 consensu
1419 3610 1473 3695 tri·

148 3707 1475 3797 huruntson'ptoresadditIoncmillamdiesquenostrasiutuapacedisponas:

156 3813 196 3891 ita
210 3810 336 3873 Ioannes
350 3809 510 3891 Diacouus,
519 3814 702 3891 Anastasius,
716 3812 808 3890 Beda,
821 3810 997 3890 Amalarins,
1012 3813 1077 3874 Ado
1093 3813 1123 3874 in
1136 3812 1364 3892 martyrologio,
1380 3812 1473 3878 llinc·

155 3933 252 3976 marus
273 3913 310 3974 de
331 3913 481 3995 praedest.
511 3934 536 3976 o.
560 3894 610 3979 1'8.
634 3916 807 3993 Anonymus
833 3912 911 3994 apud
933 3911 1078 3985 canisium
1107 3914 1140 3978 Τ.
1162 3915 1197 3980 ll.
1227 3914 1258 3977 P.
1278 3915 1321 3978 Il..
1342 3935 1371 3997 p.
1393 3911 1472 3981 258.

111 4010 115 4023 “
154 4016 351 4079 Nihilominus
368 4016 459 4077 verba
481 4017 556 4080 haec
575 4018 721 4080 hahentur
734 4035 854 4099 quoque
868 4017 898 4089 iu
914 4014 1070 4082 Gelasieno
1080 4065 1089 4100 ,
1106 4018 1255 4080 Gallicano
1278 4018 1403 4100 aliisque
1418 4020 1473 4082 Sa·

155 4121 368 4183 eramentariis.

273 4221 365 4284 xnus.
389 4204 395 4215 ’
418 4221 712 4301 insunuans
731 4192 800 4281 nis
828 4222 960 4286 nostri.

269 4357 373 4422 XVIII.
426 4359 505 4421 XIX.
562 4357 687 4420 Codices
708 4358 738 4419 in
759 4356 1000 4422 Consecrationis
1020 4359 1145 4423 formula
1170 4362 1243 4423 mire
1272 4363 1475 4426 consentiunt.

154 4459 367 4522 Desiderantur
381 4472 478 4524 tamen
494 4462 568 4524 duae
582 4463 710 4523 minutae
726 4463 996 4547 particulae,'quae
1009 4484 1087 4528 nuuc
1107 4465 1137 4526 in
1158 4464 1327 4527 hllssalihus
1342 4474 1475 4529 astant.

155 4560 273 4627 Habent
286 4567 504 4663 vetustissimae
517 4564 776 4629 memhrausenon
800 4576 841 4653 et
861 4566 1030 4633 elevatis
1050 4587 1085 4631 ac
1107 4567 1193 4631 dedi
1206 4578 1297 4650 tque
1318 4567 1372 4649 sed
1387 4569 1476 4631 ele·
1501 4622 1508 4631 .
