3202 5176
679 366 754 436 359

53 554 116 627 tris
136 560 171 624 oi
183 548 320 641 'Fi†lii
339 558 374 622 el
396 546 719 648 Spiritus†Suncii.
764 559 885 621 Interim
903 561 1006 622 schola
1020 568 1116 623 cantat
1129 559 1378 642 Responeorium:

53 651 208 727 Benedic
234 654 381 724 Domine
415 653 554 725 domum
578 655 678 726 istam
704 675 805 748 qnam
832 653 1013 726 aedificavi
1038 657 1176 726 nomini
1190 664 1260 725 tuo.
1309 652 1379 726 Ve-

52 759 219 829 nientium
246 758 282 827 in
309 755 389 826 loco
411 758 479 828 isto
501 756 629 857 exaudi
653 777 778 852 preces
793 758 832 826 in
853 755 997 830 excelso
1020 756 1110 829 solio
1133 756 1266 848 gloriae
1288 765 1378 828 tuac

54 865 98 932 11.
124 857 274 930 Domino
293 860 324 931 si
336 874 535 933 ‘conversus
555 857 659 930 fuerit
677 857 826 954 populus
845 868 923 932 tuus
943 869 977 929 et
994 861 1106 951 egerit
1123 850 1379 953 poenitentiam,

53 961 270 1055 veniensque
293 963 447 1046 oraverit
472 963 508 1031 in
534 960 614 1037 locu
637 963 723 1049 isto,
751 960 878 1031 exaudi
904 983 1029 1055 preces
1055 964 1089 1031 in
1117 961 1261 1033 excelso
1289 961 1378 1033 solio

55 1061 190 1153 gloriae
216 1073 305 1134 tuae.
315 1057 347 1157 ¹)
392 1071 523 1151 Expleto
543 1073 667 1134 circuitu
680 1071 821 1133 Pontifex
834 1073 1014 1153 perveniens
1029 1082 1097 1133 unte
1110 1073 1218 1133 ostium
1229 1080 1312 1133 stans
1326 1072 1379 1132 ibi·

54 1173 121 1234 dem
141 1172 552 1254 versusadillud‚deposita
569 1174 754 1237 mitradicit:
812 1192 816 1201 ·
1206 1247 1209 1251 ,

158 1268 304 1340 Orenroc.
336 1275 375 1336 Et
387 1278 529 1339 ministri:
549 1265 745 1340 Flectamus
763 1288 884 1359 genua.
918 1271 961 1356 11.
981 1265 1120 1338 Levate.
1157 1265 1380 1362 Omnipotens

54 1371 263 1463 sempiterne
281 1369 391 1458 Deus,
412 1372 470 1464 qui
488 1391 551 1464 per
569 1367 693 1441 Filium
713 1380 820 1458 tuum,
842 1369 1044 1461 angularem
1066 1369 1198 1442 seilicet
1218 1368 1380 1463 lapidem,

54 1469 143 1542 duos
164 1493 211 1543 ex
230 1472 370 1543 diverso
391 1474 585 1559 venientes,
607 1494 654 1542 ex
670 1473 930 1542 circumcisione
949 1481 984 1542 et
1001 1473 1195 1566 praeputio,
1217 1473 1380 1565 parietes,

54 1571 213 1667 duosque
233 1593 362 1664 greges
383 1575 501 1642 ovium
519 1571 582 1645 sub
602 1594 671 1644 uno
696 1573 888 1664 eodemque
902 1583 1041 1665 pastore
1056 1576 1171 1662 unisti,
1188 1572 1231 1642 da
1244 1571 1380 1644 famulis

53 1677 121 1748 tuis
139 1695 203 1767 per
222 1673 309 1745 haec
323 1684 463 1745 nostroe
478 1673 673 1744 devotionis
689 1672 802 1743 officia
817 1672 1054 1744 indissolubile
1068 1672 1243 1743 vinculum
1258 1676 1380 1744 carita·

53 1778 112 1862 tis,
125 1774 270 1851 utnulla
284 1774 455 1847 divisione
469 1777 631 1846 mentium
645 1774 809 1869 nullaque
822 1776 1059 1869 perversitatis
1073 1777 1242 1844 varietate
1256 1794 1381 1867 seque-

55 1886 219 1965 strentur,
242 1898 329 1970 quos
343 1875 407 1949 sub
420 1879 520 1950 unius
535 1879 703 1970 regimine
717 1879 867 1973 pastoris
879 1897 967 1949 uuus
984 1897 1074 1968 grex
1088 1877 1252 1964 continet,
1265 1877 1381 1947 unius·

55 1999 124 2073 que
146 1988 181 2049 te
204 1978 351 2050 custode
374 1978 477 2052 ovilis
500 1989 597 2075 septa
618 1978 837 2051 concludunt.
874 1977 942 2049 Per
966 1978 1121 2048 eundem.
1145 1982 1191 2067 lin-
1209 1971 1379 2068 Amen.²)

159 2089 232 2151 'lum
251 2098 374 2171 acceptu
394 2092 498 2168 mitra,
519 2093 759 2171 appropinquans
781 2088 943 2150 iterumad
965 2092 1072 2150 ostium
1094 2091 1225 2169 percutit
1248 2087 1379 2149 secundo

55 2210 120 2254 cum
147 2191 253 2253 baculo
278 2192 420 2271 pastorali
448 2211 540 2273 super
570 2193 704 2254 liminare
732 2193 835 2253 dicens
856 2191 945 2253 simili
962 2209 1041 2252 voce
1060 2201 1093 2252 ut
1112 2193 1193 2271 prius
1220 2182 1380 2253 Attollite

54 2296 183 2382 portas.
219 2294 384 2355 Diaconos:
408 2282 492 2368 Quis
511 2285 588 2358 esi?
630 2295 787 2357 Pontifex:
810 2285 977 2356 Dominus
995 2283 1104 2356 fortis.
1145 2294 1261 2355 Deinde
1276 2294 1380 2354 circuit

56 2397 145 2458 tertio
179 2395 356 2457 Ecclesiam
374 2414 437 2456 cum
464 2396 545 2457 clero
565 2405 596 2456 et
619 2396 750 2477 populo,
784 2397 929 2474 incipiens
949 2394 987 2455 ad
1006 2397 1155 2455 sinistram
1172 2413 1288 2468 manum
1310 2408 1378 2471 pro·

55 2497 197 2577 ceditque
217 2514 383 2576 aspergens
403 2498 536 2558 exterius
555 2516 619 2557 cum
642 2497 745 2558 eadem
763 2514 839 2576 aqua
856 2498 987 2576 parietes
1007 2497 1037 2556 in
1055 2495 1150 2557 media
1168 2503 1377 2573 praecorum,

57 2600 87 2660 id
106 2609 152 2661 est
166 2601 244 2660 circa
259 2597 443 2660 altitudinem
460 2600 548 2660 iaciei
563 2617 634 2661 suae
647 2606 677 2660 et
692 2600 902 2660 coemeterium
917 2599 1019 2658 dicens
1033 2612 1165 2674 semper:
1188 2583 1227 2653 ln
1240 2584 1377 2652 momine

54 2692 105 2764 Pa
119 2687 151 2783 i
165 2696 228 2764 tris
248 2701 282 2762 et
303 2689 390 2784 Fit
406 2692 443 2763 lii
460 2703 495 2763 et
513 2691 659 2788 Spiritus
672 2692 704 2785 ³5
718 2689 845 2764 Sancti.
880 2700 1000 2761 interim
1019 2691 1229 2756 castanetum
1244 2690 1377 2770 Respon-

56 2806 184 2866 sormm:
216 2792 268 2864 'lu
297 2794 445 2866 Domine
468 2795 738 2882 universorum,
771 2796 829 2887 qui
854 2792 982 2863 nullam
1008 2786 1114 2856 babes
1144 2781 1377 2874 indigentiam

58 2897 199 2969 voluisti
224 2895 390 2991 templum
410 2907 505 2968 tuum
527 2895 602 2968 lieri
624 2899 659 2965 in
681 2896 790 2970 nobis.
838 2893 1015 2962 Conserva
1037 2884 1174 2955 domum
1197 2888 1295 2957 istam
1317 2889 1378 2954 im·

55 2999 258 3070 maculatam
284 3002 320 3068 iu
342 3008 521 3071 aeternum
543 2999 699 3070 Domine.
756 3006 795 3071 tv,
826 2993 876 3063 'lu
903 2987 1040 3078 elegisti
1066 2985 1212 3057 Domine
1240 2987 1378 3058 domum

57 3103 156 3172 istam
183 3100 228 3170 ad
252 3101 481 3171 invocandum
507 3123 633 3172 nomen
653 3111 746 3171 tuum
768 3101 802 3164 iu
823 3113 864 3161 ea
887 3098 924 3159 ut
951 3098 1043 3161 esset
1067 3088 1187 3160 domus
1212 3091 1378 3160 orationis

58 3211 93 3271 et
116 3200 364 3273 obsecrationis
386 3203 516 3296 populo
536 3214 628 3274 tuo..
655 3197 832 3289 Conserva
854 3191 990 3261 domum
1010 3192 1108 3262 istam
1128 3190 1377 3260 immaculatam

57 3306 92 3372 in
114 3299 341 3398 aeternum.³)
385 3311 516 3391 Expleto'
541 3321 625 3374 centu
658 3317 686 3365 et
713 3305 930 3373 circuitucum
954 3301 1095 3363 Pontiiox
1114 3302 1287 3380 pervenerit
1309 3308 1378 3360 ante

59 3415 182 3490 ostium,
200 3423 281 3474 stans
299 3413 408 3474 ibidem
422 3431 526 3476 versus
540 3405 677 3484 admon,
691 3405 828 3486 deposita
841 3404 924 3463 mitra
940 3401 1024 3467 dicit:

162 3507 305 3578 Oremoe.
340 3515 379 3576 Et
392 3517 533 3577 ministri.-
553 3499 748 3571 Flectamus
764 3518 886 3589 genua.
921 3499 964 3585 lb.
983 3492 1139 3565 Levate..
1155 3491 1377 3588 Omnipotens

58 3618 93 3680 et
115 3609 312 3680 misericors
334 3607 430 3680 Deus
457 3596 513 3696 qui
540 3599 786 3675 Sacerdotibus
807 3600 875 3670 tuis
895 3607 1022 3667 tantam
1043 3616 1128 3690 prae
1150 3598 1276 3668 ceteris
1299 3618 1376 3688 gra-

14 3738 16 3742 *
55 3713 136 3782 tiam
158 3708 344 3797 contulisti
364 3718 399 3775 ut
422 3704 588 3799 quidquid
605 3706 639 3772 in
659 3714 718 3774 tuo
738 3703 876 3772 nomine
897 3699 1001 3791 digne
1019 3696 1242 3793 perfecteque
1265 3697 1306 3768 ab
1326 3701 1392 3770 eis·

52 3814 181 3905 ‘agilum
205 3832 225 3880 u
245 3819 280 3880 te
299 3809 373 3878 fieri
396 3807 567 3897 credatur,
591 3823 798 3901 quaesumus
821 3805 1019 3873 immensam
1040 3800 1254 3871 clementiam
1271 3809 1376 3887 tuam

56 3923 93 3986 ut
116 3908 276 4008 quicquid
302 3908 403 3981 modo
434 3911 600 3981 visitaturi
626 3928 754 3995 sumus
780 3907 900 3977 visites
924 3913 958 3974 et
981 3902 1142 3998 quidquid
1163 3900 1376 3973 benedicturi

57 4037 191 4103 sumus,
217 4011 421 4099 benedicas,
447 4013 558 4105 sitque
585 4009 793 4082 adnostros
820 4006 1016 4079 humilitatis
1040 4007 1212 4076 introitum
1233 4003 1374 4075 Sancto-

56 4139 131 4188 rum
157 4125 292 4186 tuorum
320 4114 448 4185 meritis
470 4112 552 4206 iuga
574 4114 790 4197 daemonum,
813 4109 943 4200 Angeli
962 4111 1057 4204 pacis
1080 4110 1266 4199 ingressus.
1308 4103 1375 4171 Per

58 4216 255 4290 Christum
278 4220 320 4304 lig.
349 4211 515 4311 Amenfl)

121 4387 151 4462 l)
166 4388 291 4444 Occurrit
306 4383 518 4458 Responsorium
531 4384 603 4455 apud
617 4378 652 4438 il.

119 4471 150 4546 2)
165 4473 197 4527 bl.
214 4473 376 4544 duosque
390 4484 527 4541 greges
541 4468 603 4524 sub
620 4483 687 4522 uno
704 4497 744 4508 -
760 4474 795 4522 te
810 4466 958 4523 custode
973 4472 1078 4536 septa.

118 4559 150 4624 3)
166 4557 247 4615 Facit,
258 4573 316 4612 cum
334 4553 482 4611 Pontifieali
498 4554 531 4612 11.

120 4637 151 4714 t)
167 4641 202 4695 11.
218 4640 457 4711 Omnipotens
472 4636 683 4693 misericors
698 4667 740 4677 -—
755 4636 883 4692 visites
898 4631 1082 4705 quicquid.

1127 4717 1169 4780 25
