3202 5176
780 278 827 349 11

107 460 112 470 ’
140 474 229 536 nonis
243 491 296 534 seu
312 475 551 536 commentarium
559 483 742 554 perpetuum
776 468 1028 552 alteramenta
1047 485 1292 538 commemoratur
1305 476 1458 579 abatatic-

141 575 189 638 cio
203 576 279 638 Bibl.
296 574 382 640 Caes
396 576 431 637 ιι.
446 596 472 638 c
485 573 515 639 5
541 575 641 653 uvind.
655 573 751 657 Aug)

244 678 323 740 XIX.
352 677 456 740 (iudex
474 677 684 757 Muqantt'uaa,
705 677 803 760 quoad
821 678 932 753 scium,
953 677 1111 737 noandum
1102 697 1133 739 1n
1154 681 1326 744 criticorum
1349 686 1458 747 trutina
1480 674 1483 679 ¹

141 781 343 858 examinatus,
365 792 534 843 asservatur
555 783 585 841 in
607 781 794 843 Bibliotheca
812 778 969 841 Seminarii
986 777 1167 860 Moguutini‚
1190 784 1270 862 quod
1293 785 1380 846 floret
1402 789 1457 848 sub

140 884 281 962 auspiciis
299 879 400 944 Marci
409 880 521 944 Adumi
531 881 676 962 Νἰιιιιιιίι,
698 885 756 945 riri
781 892 811 944 et
825 882 979 944 doctrinae
994 883 1081 961 copia
1091 891 1121 943 et
1133 883 1342 949 ardentissimo
1358 908 1457 953 rerum

139 1003 287 1046 sacrarum
302 987 400 1048 studio
414 1005 510 1067 aeque
530 1005 566 1047 ac
585 1005 656 1048 vera
674 985 832 1048 Christiani
854 986 1024 1045 sinceritate
1040 993 1070 1044 et
1092 984 1271 1051 humanitate
1291 993 1456 1070 conspicui.

140 1085 459 1150 iiicVirReverendus
476 1089 556 1166 mihi,
564 1107 630 1150 cum
644 1099 782 1150 autumno
796 1084 1091 1148 annrmucccxutt
1105 1087 1278 1167 Magantiae
1286 1101 1315 1152 et
1322 1096 1458 1172 regionis

129 1191 319 1251 amoenitate
346 1201 378 1252 et
404 1191 511 1252 citium
530 1193 668 1253 comitate
683 1192 842 1268 detinerer,
868 1199 1035 1270 promptum
1062 1189 1197 1253 adhunc
1220 1192 1353 1255 codicem
1375 1196 1458 1259 dedit

139 1291 259 1353 aditum.
286 1293 724 1356 Estutmihividetursaeculi
743 1294 858 1355 octavi:
886 1311 983 1372 neque
1012 1291 1080 1352 huic
1107 1293 1243 1375 opinioni
1271 1296 1457 1379 adversatur,
1531 1325 1534 1329 ·

141 1393 219 1474 quod
234 1396 264 1455 in
279 1394 384 1457 codice
398 1398 558 1457 recentiori
565 1415 651 1457 manu
665 1398 799 1459 adiectae
812 1397 871 1456 siut
885 1394 992 1456 Missae
1006 1393 1153 1472 iuVigilia
1166 1399 1233 1459 etin
1244 1397 1340 1460 Natali
1354 1402 1385 1464 S.
1400 1402 1457 1463 Bo·

140 1496 252 1574 niiacii,
265 1500 348 1558 cuius
364 1499 473 1561 cultum
488 1501 544 1560 iam
560 1500 684 1579 *saeculo
707 1509 815 1562 octauo
835 1497 872 1558 ad
893 1497 981 1558 finem
1000 1509 1150 1576 uergente
1166 1500 1243 1587 apud
1263 1500 1456 1580 Xoguntinoa

140 1598 306 1660 obtinuisse
317 1610 430 1662 eertum
444 1611 500 1663 est
528 1599 639 1679 (Meg)

162 1726 169 1734 ·
241 1702 504 1763 Praetermittimus
525 1703 645 1764 codices
670 1710 759 1780 atque
773 1700 867 1762 libros
888 1703 937 1819 qui
952 1701 1061 1779 passim
1083 1701 1263 1771 eduliorum
1287 1706 1456 1768 testimonia

138 1800 338 1871 contrusam
348 1811 552 1867 :mceasnntm

240 1905 404 1987 Appositue
418 1915 464 1967 est
479 1906 581 1967 Ordini
596 1903 782 1981 Gregoriano
798 1848 1095 1963 Canoniieiasianus:
1111 1921 1176 1963 nam
1190 1912 1221 1964 ut
1235 1923 1299 1965 cum
1309 1904 1455 1970 Gerberto

138 2003 254 2086 loquar,
266 2007 377 2087 plura
367 2028 398 2068 rn
420 2027 543 2070 recessu
566 2009 655 2069 habet
672 2014 770 2066 mutua
793 2004 867 2066 haec
889 2014 1023 2065 veterum
1044 2005 1247 2082 liturgicarum
1265 2008 1456 2072 formularum

139 2107 260 2170 collatio
279 2129 314 2171 ac
328 2113 508 2191 comparatio
525 2129 610 2192 quam
631 2108 726 2170 videri
741 2116 829 2187 queat
843 2108 903 2168 levi
927 2107 1043 2169 intuitu.
1082 2109 1208 2169 Secutus
1230 2128 1294 2169 sum
1315 2110 1456 2173 codicem

133 2208 276 2272 ,Gerbcrti
298 2213 568 2292 Rheinaugiensem
600 2210 644 2293 (p.
672 2206 737 2288 6.),
767 2211 893 2288 margini
918 2209 1023 2271 adieci
1057 2211 1233 2291 scripturam
1264 2212 1454 2277 ·Thomasiani

140 2309 262 2375 codicia.
1245 2298 1260 2333 ⁵

160 2440 164 2447 ·
240 2401 457 2476 Ainotationes
479 2422 615 2495 spectant
627 2415 679 2475 vel
694 2415 730 2476 ad
746 2417 869 2481 caticum
884 2414 1013 2477 Gancnis
1028 2415 1205 2492 Gregoriani
1218 2427 1390 2498 apparatum
1403 2420 1454 2481 rel

138 2517 275 2595 aperiunt
288 2517 475 2599 plurimarum
489 2519 614 2597 partium
628 2535 663 2576 ac
675 2517 865 2577 formularum
880 2519 1022 2594 origines.
1051 2519 1210 2580 Praeterea
1223 2521 1264 2581 ita
1282 2521 1384 2581 harum
1404 2520 1455 2583 ιιι·
1545 2554 1549 2559 -

138 2606 323 2680 notationum
342 2621 417 2681 ratio
439 2629 485 2687 est
500 2627 678 2698 comparata,
691 2626 722 2678 ut
737 2617 841 2678 oculos
855 2637 977 2700 semper
994 2620 1131 2682 adiiciant
1153 2621 1190 2681 ιι
1203 2620 1322 2682 Missam
1335 2622 1455 2700 lllyrici
1531 2644 1537 2677 ,ι

137 2716 193 2797 (Μ.
207 2712 247 2799 Ι.)
262 2731 292 2784 et
305 2721 445 2786 Cacciarii
459 2719 610 2784 (iunonem
626 2719 800 2796 Leoniuum.
832 2718 893 2799 (L.)
991 2808 994 2813 ν
