3202 5176
767 304 841 377 265

139 496 219 573 dum,
235 511 357 575 quorum
372 495 470 558 alter
461 517 491 557 ιιι
506 495 655 578 prronbus
664 497 775 577 ιιιιιιιιιι
787 498 1024 561 benedictionem
1034 500 1163 608 accepit:
1177 502 1308 584 alioqum
1317 503 1455 565 secundis

211 699 337 762 Post
371 702 458 762 linem
489 700 620 778 Missae,
655 718 719 763 cum
741 698 890 782 Sponsus.
905 712 945 763 et
972 704 1106 785 Sponsa
1118 716 1226 768 coram
1243 707 1350 768 altare
1363 724 1454 782 genu·

121 800 283 865 llexerint
305 820 434 882 sequens
461 803 593 866 Psalmus
620 797 704 866 127:
743 793 842 866 beati
881 815 1001 870 omnes
1041 801 1099 892 qui
1129 801 1246 870 liment
1274 799 1456 871 Dominum

139 904 229 965 etc
250 891 358 987 Kyric
380 895 524 970 eleison.
563 891 709 971 Christe
733 895 877 971 cleison.¹
918 896 1026 991 llyric
1047 901 1200 973 eleison.
1238 898 1345 994 Kyrie
1370 898 1456 971 elei

139 1017 219 1069 son
275 995 404 1069 Pater
418 1007 574 1073 nostem·
613 994 788 1071 Salvos-f
785 1020 828 1068 ac
847 997 980 1072 lideles
1008 1011 1101 1074 tuos.
1144 1005 1187 1092 ιι.
1233 1002 1329 1074 Deus
1360 1021 1457 1074 meus

139 1101 351 1191 sperantes
341 1120 377 1170 ιιι
398 1105 443 1168 te.
476 1094 667 1175 Exaudiet
689 1120 754 1172 eos
780 1099 909 1175 Deus
899 1122 934 1171 m
961 1101 1016 1172 die
1038 1102 1298 1177 tribulationis
1293 1107 1345 1191 ιι
1372 1102 1457 1175 Ριο-

139 1207 236 1290 tegat
264 1219 331 1270 vos
358 1221 500 1276 nomen
507 1199 574 1271 Dei
598 1199 724 1277 laceb.
760 1200 858 1277 Mitte
886 1205 938 1276 eis
964 1204 1128 1275 auxilium
1154 1204 1198 1277 de
1220 1202 1357 1278 Sancto.
1412 1208 1455 1289 ιι.

139 1298 202 1372 Ei
210 1298 254 1371 de
275 1297 363 1373 sion
388 1311 486 1373 tuere
508 1323 587 1374 cos.
623 1301 770 1373 Domine
796 1302 924 1374 exaudi
950 1295 1141 1377 orationem
1165 1328 1285 1378 meam.
1330 1309 1373 1396 ιι.
1412 1303 1458 1377 Et

139 1402 272 1473 clamor
292 1424 390 1477 meus
416 1402 476 1473 ad
484 1412 522 1474 te
542 1405 666 1474 veniat.
720 1405 887 1537 Dominus
912 1405 1101 1536 vobiscum.
1142 1413 1185 1500 ιι.
1225 1407 1269 1478 m
1290 1428 1365 1477 cum
1388 1407 1457 1501 spi

139 1506 207 1574 ritu
229 1512 319 1575 tuo.
483 1568 486 1575 .
605 1533 607 1537 ·
696 1546 700 1553 ·

246 1604 401 1676 Oremus
450 1605 600 1699 Respice
620 1603 767 1677 Domine
794 1627 899 1701 super
921 1607 1009 1678 banc
1027 1612 1291 1681 conventionem
1317 1631 1380 1703 per
1399 1628 1456 1679 an

139 1704 258 1798 gelum
284 1715 386 1777 tuum
401 1705 626 1876 Rapbaelcm
652 1716 689 1777 ut
709 1710 775 1780 sint
795 1709 881 1797 sani,
909 1706 1016 1801 digni,
1040 1709 1175 1803 pacifici
1195 1719 1298 1804 etque
1320 1718 1378 1780 tua
1397 1708 1458 1780 be·

140 1805 338 1878 nedictione
363 1830 427 1903 per
427 1807 504 1879 iusi.
1172 1852 1175 1857 -
1439 1852 1451 1859 2-

245 1909 341 1982 Deus
359 1912 427 2003 qui
453 1908 494 1980 ab
518 1913 613 1981 initio
639 1910 758 1982 iecisti
779 1910 951 1982 bominem
978 1920 1014 1983 et
1036 1878 1160 1984 dedisti
1186 1909 1391 1983 adiutorium
1413 1913 1459 1982 si

140 2010 223 2083 mile
247 2009 330 2099 sibi,
357 2021 394 2083 ut
416 2022 615 2084 crescerent
637 2023 671 2084 et
696 2011 1002 2107 multiplicarentur
1027 2033 1134 2109 super
1152 2023 1299 2085 terrama
1329 2000 1371 2083 da
1397 2013 1459 2085 mi·
1489 2010 1493 2015 ”

141 2112 366 2186 sericordiam
382 2110 533 2193 famulae
550 2122 685 2186 maet
648 2125 685 2186 ut
696 2135 866 2209 prospere
883 2123 917 2184 et
934 2117 1009 2187 siue
1025 2117 1126 2207 grand
1143 2114 1266 2187 dolore
1278 2116 1457 2210 parturiat

247 2212 470 2310 Omnipotens
500 2218 707 2311 sempiterne
724 2215 821 2288 Deus
839 2218 996 2290 instituta
1022 2216 1262 2311 providentiae
1288 2226 1368 2287 tuae
1387 2237 1458 2311 pro

142 2260 267 2389 fauore
292 2336 533 2411 prosequere,
540 2328 578 2388 ut
604 2339 694 2412 quos
712 2317 865 2449 legitima
882 2320 1054 2390 societate
1076 2321 1265 2408 conuectis,
1286 2318 1459 2417 longaeva

142 2419 270 2512 pietate
298 2416 493 2490 custodias.

246 2519 341 2592 Deus
367 2518 554 2607 Abrabam,
582 2519 677 2593 Deus
699 2517 798 2591 Isaac
820 2496 855 2588 et
873 2518 982 2592 Deus
988 2517 1091 2591 Iacob
1112 2464 1302 2610 beneidic
1322 2518 1459 2590 adoles·

143 2630 261 2701 centes
294 2621 374 2692 illos
405 2629 439 2691 et
470 2623 601 2702 semina
622 2641 741 2694 semen
766 2621 858 2692 vitae
885 2623 1078 2693 aeternae
1069 2642 1105 2690 ιιι
1129 2619 1299 2692 mentibus
1326 2642 1458 2709 eorum,

143 2732 185 2792 ut.
207 2722 369 2816 quidquid
392 2744 458 2817 pro
478 2723 622 2797 utilitate
639 2722 849 2809 didicerunt,
868 2720 936 2792 boc
961 2720 1080 2793 iacere
1099 2723 1238 2816 cupiant
1256 2742 1320 2814 per
1346 2717 1460 2794 Iesum
1510 2796 1515 2816 ¹

144 2820 316 2896 Christum
336 2834 618 2918 recuperatorem
645 2824 838 2911 hominum„
863 2821 970 2894 filium
995 2831 1091 2894 tuum
1116 2825 1337 2916 unigenitum.
1398 2848 1401 2853 ’
1431 2882 1434 2887 .

246 2926 434 3003 Benedicat
459 2947 525 2998 vos
553 2926 648 3001 Dens
670 2926 772 2997 Pater
795 2934 838 2995 et⁴
851 2924 958 2997 Filius
985 2936 1019 2997 et
1042 2922 1189 3019 Spiritus
1210 2923 1374 3012 Sanctus„
1403 2924 1461 3018 ιιιιι

145 3037 198 3100 est
225 3031 332 3099 trinus
358 3031 393 3098 in
419 3050 561 3108 numero
589 3039 624 3099 et
649 3048 737 3101 unus
759 3029 794 3119 in
819 3027 985 3100 omuibus.
1037 3027 1082 3098 Et
1101 3029 1162 3098 illc
1181 3025 1383 3120 multiplicet
1405 3047 1461 3098 sc·

144 3151 224 3200 men
245 3138 397 3221 uestrum
425 3140 459 3200 ot
471 3140 611 3222 augeat
636 3133 883 3203 incrementum
903 3129 1041 3220 frugum
1062 3131 1210 3202 iustitiae
1236 3136 1396 3200 vestrae:
1422 3134 1462 3201 ιιι

145 3253 223 3302 cum
249 3233 345 3304 iustis
372 3240 407 3302 et
429 3231 540 3308 Deum
556 3231 756 3303 timentibus
778 3232 894 3303 securi
918 3240 1033 3304 astare
1053 3231 1254 3309 mereamini
1271 3231 1317 3301 ιιι
1323 3228 1419 3305 die
1410 3251 1461 3299 ru

144 3332 224 3411 dicii
239 3333 317 3412 Per
342 3330 470 3407 lesum
480 3332 650 3409 Christum
675 3332 780 3403 lilium
801 3342 897 3408 tuum
914 3332 1105 3467 Dominum
1123 3341 1297 3419 nostrum,
1330 3333 1388 3425 qui
1409 3339 1459 3403 to

144 3457 225 3516 cum
242 3436 330 3511 vivit
351 3444 385 3503 et
405 3444 543 3524 regnat
540 3445 614 3505 etc.
727 3477 733 3483 ν
821 3468 823 3473 ·

166 3606 169 3611 ,
247 3544 402 3605 Postremo
415 3545 520 3620 signet
541 3563 593 3609 eos
613 3554 714 3607 sancta
731 3561 819 3605 cruce
832 3543 951 3606 dicens:
977 3530 1180 3611 Benedictio
1194 3531 1269 3603 Dei
1290 3532 1339 3602 Pa
1353 3530 1385 3628 ἰ·
1397 3535 1460 3608 iris

146 3637 448 3730 omnipotentiset
414 3624 612 3730 elisii
629 3647 665 3708 et
685 3633 831 3731 Spiritus
858 3633 977 3708 Sancti
1002 3631 1034 3735 ι
1056 3633 1249 3708 descendat
1269 3644 1460 3783 supervos

145 3746 181 3810 et
201 3746 337 3813 maneat
362 3761 503 3834 semper
525 3737 715 3812 vobiscum.
755 3737 878 3808 Amen
1103 3765 1106 3770 ·

181 3848 301 3920 llis
314 3849 406 3931 dictis
414 3858 618 3941 aspergantur
624 3852 767 3928 coniuges
780 3867 855 3928 aqua
873 3845 1039 3909 benedicta.
1146 3904 1149 3911 ,

191 4043 237 4123 1)
207 4048 379 4105 lllcclcsie
394 4047 527 4104 Romana·
530 4047 670 4106 Catholica
688 4047 822 4118 secundas
844 4044 951 4119 nuptias
971 4061 1091 4121 semper
1093 4008 1200 4118 quidem
1215 4004 1354 4114 tanquam
1351 4054 1418 4095 vera
1433 4042 1463 4101 el

146 4132 304 4205 indubitata
313 4132 484 4189 matrimonia
506 4134 624 4206 recepit:
647 4133 837 4206 ipsiustamen
854 4130 1018 4197 desiderium
1034 4132 1281 4197 etvotumluerat
1296 4131 1327 4180 ut
1341 4120 1462 4178 nonnisi

146 4214 229 4288 virgo
243 4216 345 4289 uirgini
352 4218 476 4274 nuberet
490 4218 678 4289 secundasque
690 4216 811 4290 nuptias,
822 4222 851 4272 ut
864 4221 938 4272 certa
951 4215 1166 4282 incontinentiae
1178 4214 1274 4285 sigua,
1290 4222 1376 4279 aegre
1390 4205 1462 4265 tulii

146 4300 250 4357 llon
223 4303 275 4359 ursi
293 4302 375 4360 certis
392 4302 500 4373 legibus
515 4309 544 4358 et
559 4301 759 4359 conditionibus
774 4301 897 4374 permisit
912 4291 1028 4358 ecclesia
1042 4299 1177 4357 secundas
1191 4294 1312 4369 nuptias:
1327 4291 1356 4347 in
1369 4291 1463 4349 burum

148 4400 261 4442 numero
276 4395 335 4443 erat
350 4394 378 4444 et
392 4395 435 4444 est
449 4388 567 4460 privatio
582 4374 783 4444 benedictionis
797 4385 943 4459 nuptialis,
960 4386 1032 4443 intra
1046 4384 1152 4499 illesam
1167 4379 1290 4452 dandae,
1307 4374 1464 4450 quaeipsis
1567 4400 1570 4404 ¹

148 4469 611 4593 asscerdotenonimpcrticbatur.
666 4529 694 4552 ,λ
744 4483 763 4531 “;
1378 4492 1383 4501 ’
