3202 5176
540 296 543 301 ’
677 327 757 401 tta

66 530 130 588 stea
151 523 296 605 Superior
310 521 428 589 axnittr
447 519 567 603 pluviali
589 528 619 585 at
642 537 698 613 par
710 519 871 611 Diaconum
891 529 922 583 at
935 518 1152 586 Suttuensis·
1170 520 1372 606 praecingitur

65 630 159 691 linteo
173 633 203 689 at
216 627 260 690 sin
273 625 477 706 pronuncias,
493 622 775 690 assistentihutsihi
787 623 892 689 iisdem
909 624 1046 688 Disconn.
1056 635 1088 688 et
1103 626 1308 706 Subdinnum,
1325 649 1371 692 ac·

65 729 192 793 caditad
206 727 467 809 losononpntrm
482 735 512 793 at
526 743 582 807 pat
595 725 732 797 entinnn-
741 726 892 808 dispositis
906 729 954 806 iis,
970 731 1018 809 pti
1032 729 1148 792 lavandi
1161 741 1240 810 sunt,
1255 733 1372 795 clericis

64 833 173 913 pelvim
194 841 226 894 at
244 829 618 912 amministrantibus,
643 829 832 909 stampato
851 831 1031 908 ungulorum
1049 834 1155 914 peden
1174 835 1309 896 doxtrum
1330 822 1388 897 ts·'

64 944 171 1014 rente,
192 932 553 1013 geurdantenssingulis,
568 932 690 1001 ,illarum
705 932 811 1013 peden
825 932 920 1011 lavat,
944 937 1121 1014 entergitst
1133 938 1291 1017 oseulatur,
1306 939 1373 1001 Dia·
1487 1022 1491 1029 θ

65 1056 142 1101 cono
163 1037 327 1119 praebente
346 1037 468 1103 linteam
482 1034 770 1113 ad-atstergentna.
810 1034 847 1099 Et
859 1038 976 1099 interim
990 1038 1064 1100 haec
1076 1040 1243 1122 subscripta
1256 1050 1373 1103 cantsr·

66 1150 128 1201 tur:
159 1132 235 1205 Ant
267 1129 464 1205 Mandatum
489 1148 620 1203 novum
641 1128 688 1203 do
712 1128 838 1218 votis,-
861 1139 898 1203 ut
924 1130 1074 1223 diligatis
1096 1137 1266 1225 invicem,
1286 1137 1374 1208 siout

63 1233 171 1305 dilexi
195 1254 273 1323 vos,
300 1233 384 1305 dicit
400 1232 576 1305 Dominus.
619 1233 674 1305 Ps.
705 1231 804 1307 Beati
824 1233 1029 1307 immaculati
1048 1238 1081 1308 in
1103 1239 1160 1309 via
1180 1239 1238 1331 qni
1257 1235 1373 1308 ambu-
1450 1238 1459 1258 ‘

63 1337 134 1407 lant
155 1338 190 1406 in
208 1337 290 1428 lage
316 1334 462 1411 Domini.
509 1343 844 1424 Etrepetnurlnttph.
866 1332 1080 1408 Mandatum
1099 1360 1237 1410 novum.
1279 1343 1374 1425 Erato

62 1446 357 1528 aliaahntiphnnaa‚
376 1465 451 1524 qnae
466 1445 782 1512 hrbsutl’salrnosucl
796 1457 1097 1527 varnusrspetnntur.
1140 1448 1374 1530 mdo-quolibet
1451 1473 1456 1483 ¹
1565 1472 1579 1501 ι

62 1549 178 1612 Psalmo
197 1548 305 1611 dicitur
319 1554 428 1611 tanturn
442 1546 553 1626 primas
566 1550 682 1611 tamus.
722 1537 799 1611 Ant.
828 1537 1012 1633 Postquam
1031 1545 1182 1614 surrexit
1208 1543 1374 1616 Dominus

62 1666 84 1712 a
109 1663 239 1730 mena,
258 1641 350 1713 misit
370 1659 492 1733 aquam
517 1638 553 1713 in
570 1637 703 1733 pelvim
722 1647 757 1710 st
781 1641 897 1734 coepit
912 1641 1042 1712 ‘lauare
1062 1643 1170 1737 pedes
1190 1644 1374 1740 discipulo·-

61 1765 138 1816 rum
156 1763 318 1829 snorum,
337 1739 404 1815 hoo
427 1739 622 1834 exemplum
647 1740 785 1834 reliquit
806 1744 865 1815 cis.
902 1743 965 1815 ta.
986 1741 1132 1836 Magnus
1153 1744 1318 1821 Dominus
1339 1757 1375 1818 et

62 1844 242 1921 laudabilis
262 1845 374 1932 nimia
396 1845 431 1917 io
454 1843 591 1919 civitate
613 1841 681 1917 Dei
699 1845 810 1917 nnshi
834 1845 869 1917 iu
895 1855 1152 1919 montesancto
1177 1850 1261 1920 cius.
1296 1851 1373 1922 Ant.

61 1949 228 2021 Dominus
250 1945 348 2021 lesus
366 1956 547 2041 postquam
573 1947 835 2019 coenavitjcum
858 1946 1032 2043 discipulis
1051 1951 1143 2038 suis,
1162 1951 1246 2022 lavit
1266 1950 1375 2047 pede's

62 2073 183 2124 eorum
210 2059 244 2120 et
269 2051 317 2120 ait
336 2049 422 2122 illis:
451 2050 544 2120 scitis
572 2048 652 2144 quid
677 2047 820 2119 fecerim
845 2049 945 2124 vohis
966 2071 1033 2144 ego
1053 2051 1220 2127 Dominus
1243 2061 1278 2124 at
1301 2051 1375 2124 hla-

61 2152 197 2246 gister?
240 2151 445 2247 Exemplum
471 2150 551 2221 dedi
575 2150 695 2242 vohis,
717 2159 755 2222 ut
781 2160 815 2223 et
841 2173 906 2226 vos
928 2156 974 2223 its
997 2152 1138 2228 faciatis.
1182 2155 1235 2227 Ps.
1263 2155 1398 2226 Bene-‘

62 2255 178 2328 dixisti
203 2255 351 2326 Domine
381 2263 509 2325 terram
542 2263 654 2341 tuan,
687 2256 843 2325 avertisti
875 2257 1104 2349 captivitatem
1134 2255 1248 2328 Iacoh.
1296 2259 1371 2331 Ant.

61 2359 221 2446 Domine,
241 2365 278 2426 tu
298 2354 379 2426 mihi
400 2354 497 2426 lavas
520 2353 654 2451 pedes?
676 2355 862 2450 respondet
879 2355 989 2447 lesus,
1012 2368 1047 2428 et
1069 2358 1153 2430 dixit
1174 2361 1223 2429 ei:
1246 2356 1283 2432 Si
1304 2381 1373 2430 non

61 2462 183 2533 lavero
209 2457 274 2531 tihi
295 2456 416 2553 pedes,
443 2476 514 2531 nan
535 2457 666 2532 hahetis
688 2467 821 2552 partem
836 2479 980 2530 mecum.
1028 2465 1071 2533 tt.
1097 2457 1202 2532 Venit
1222 2483 1308 2554 ergo
1330 2462 1372 2532 ad

62 2561 236 2638 Simonem
258 2560 395 2632 Petrum
416 2569 450 2630 et
472 2559 557 2639 dixit
583 2561 617 2630 ei
636 2559 766 2633 Petrus.
815 2560 962 2633 Domine
985 2570 1020 2631 tu
1044 2562 1124 2632 mihi
1146 2563 1243 2636 lavas
1265 2563 1374 2658 pedes

62 2684 119 2736 etc.
160 2662 260 2748 Quod
284 2683 351 2756 ego
372 2661 462 2732 lanio
485 2672 522 2734 tu
542 2663 656 2735 nescis
676 2662 792 2751 modo.
811 2664 902 2736 scies
924 2673 1036 2734 autem
1056 2673 1185 2759 postea.
1227 2667 1373 2738 Domine

60 2779 98 2840 tu
120 2766 204 2838 mihi
227 2766 326 2838 lavas
351 2765 486 2862 pedes?
507 2761 685 2863 respondit
706 2764 805 2838 lesus
829 2776 863 2837 et
889 2766 973 2838 dixit
1000 2766 1051 2837 eis
1078 2763 1117 2840 Si
1142 2788 1212 2839 non
1234 2787 1290 2839 etc.
1336 2765 1373 2841 Si

60 2893 128 2964 ego
152 2870 318 2943 Dominus
345 2879 379 2940 et
400 2866 568 2965 Magister
594 2878 714 2942 vester
735 2869 805 2939 lavi
830 2867 930 2941 vohis
955 2867 1083 2965 pedes,
1119 2873 1373 2964 quantomagis

62 2972 194 3046 dehetis
217 2973 304 3045 altor
325 2973 466 3046 alterius
489 2974 609 3045 lauare
628 2971 765 3066 pedes?
808 2972 861 3045 Ps.
888 2971 1016 3042 Audita
1039 2970 1126 3042 haec
1148 2994 1267 3046 omnes
1290 2994 1373 3066 gen-

62 3083 136 3158 tes,
162 3073 300 3145 auribus
321 3076 488 3168 percipite
515 3077 572 3170 qni
598 3073 753 3148 habitatis
780 3074 908 3147 orbem.
960 3077 1037 3148 Ant.
1067 3072 1107 3144 ln
1132 3073 1199 3146 hoc
1225 3095 1373 3166 cognos-

63 3181 142 3245 cent
168 3193 309 3263 omnes,
330 3176 408 3268 quia
434 3174 591 3270 discipuli
612 3178 680 3245 mei
701 3179 801 3265 estis,
829 3178 859 3249 si
884 3177 1100 3269 dilectionem
1122 3175 1307 3247 habueritis
1330 3175 1373 3246 ad

61 3278 219 3348 invicem.
267 3281 310 3350 u,
347 3275 442 3346 Dixit
467 3275 566 3350 lesus
599 3276 775 3370 discipulis
800 3279 879 3361 suis.
928 3280 1004 3351 Ant.
1030 3276 1191 3349 Maneant
1216 3281 1250 3353 in
1272 3276 1373 3353 vohis

61 3377 160 3470 fides.
181 3400 274 3475 spes,
297 3378 457 3469 charitas,
476 3381 539 3449 tria
556 3377 661 3449 haec:
681 3380 788 3449 maior
804 3388 919 3477 autem
933 3379 1056 3451 ¹harum
1074 3391 1126 3454 est
1144 3381 1299 3454 charitas.
1328 3386 1371 3451 n,

61 3480 162 3554 Nunc
185 3492 297 3553 autem
319 3490 456 3552 manent
477 3480 575 3571 fides,
597 3501 691 3578 spes,
715 3480 873 3572 charitas,
888 3485 963 3552 ¹tria
990 3481 1096 3553 hacc:
1123 3485 1233 3563 maior
1253 3481 1373 3559 harum

61 3595 116 3659 est
146 3583 302 3658 charitas.
352 3585 428 3658 Ant.
457 3582 644 3656 Benedicta
680 3585 723 3657 sit
756 3592 872 3658 sancta
899 3581 1066 3673 Trinitas,
1100 3593 1201 3681 atque
1227 3585 1372 3661 indivisa

61 3688 191 3761 unitam
219 3686 454 3759 conlitehimur
476 3690 521 3776 ei,
548 3689 626 3782 quia
651 3685 734 3758 iecit
764 3686 940 3762 nobiscum
971 3687 1238 3760 misericordiam
1265 3710 1370 3763 suam.

61 3795 105 3863 tt.
134 3789 382 3873 Benedicamus
405 3790 542 3862 Patrem
564 3788 740 3861 etlilium
760 3811 836 3861 cum
859 3788 986 3863 Sancto
1006 3786 1142 3887 Spiritu.
1186 3792 1239 3867 Ps.
1264 3790 1373 3881 Quam

62 3891 187 3969 dilecta
212 3892 432 3969 tabernacula
460 3903 537 3987 tua,
571 3891 717 3964 Domine
752 3894 933 3982 uirtutum,
962 3895 1171 3991 concupiscit
1200 3903 1234 3965 et
1261 3892 1373 3965 delicit

61 3997 171 4071 anima
201 4017 278 4067 mea
297 3996 333 4085 in
351 3997 439 4071 atria
465 3994 611 4069 Domini.
655 3996 731 4075 Ant.
758 3992 824 4067 Uhi
846 3995 992 4073 charitas
1015 4004 1049 4083 ct
1075 4018 1183 4087 amor,
1209 3996 1305 4069 Deus
1325 3994 1373 4073 iti

61 4108 123 4173 est.
167 4103 210 4172 V.
234 4096 472 4192 Congrogavit
491 4120 557 4173 nos
577 4102 735 4174 inunum
755 4095 880 4173 Christi
902 4119 1006 4171 amor.
1049 4106 1091 4174 u,
1115 4098 1317 4170 Exultemus
1338 4106 1374 4168 et

60 4201 98 4270 in
121 4203 198 4295 ipso
220 4200 452 4275 iucundomur.
496 4208 539 4276 tt.
568 4199 761 4274 Timeamus
788 4209 823 4272 et
844 4223 995 4276 amemus
1021 4201 1132 4272 Deum
1151 4201 1278 4272 vivum.
1328 4205 1370 4274 tt,

61 4300 107 4372 Et
133 4322 181 4373 ex
205 4304 313 4379 corde
334 4295 516 4398 diligamus
537 4324 603 4377 nos
624 4306 769 4379 sincero.
817 4303 883 4377 Uhi
904 4303 1050 4377 charitas
1077 4311 1112 4373 et
1134 4323 1249 4392 amor.
1276 4301 1371 4376 Deus'

61 4402 111 4477 ihi
137 4416 198 4479 est.
241 4415 282 4485 ii.
310 4405 420 4481 Simul
445 4428 531 4500 ergo
561 4429 638 4479 cnm
662 4408 698 4478 in
722 4428 826 4485 unum
849 4407 1110 4501 congregamur.
1162 4411 1205 4483 p,
1228 4401 1281 4477 Ne
1306 4425 1370 4476 nos

62 4502 179 4583 mente
206 4509 415 4602 undamn.
439 4530 633 4586 caveamus.
676 4514 719 4585 tt,
744 4505 888 4589 Cessent
912 4511 1023 4601 iurgia
1043 4504 1212 4602 maligna,
1235 4513 1371 4582 cessent

65 4609 152 4685 lites.
209 4618 251 4688 tt.
282 4611 328 4686 lit
348 4617 384 4688 in
410 4616 522 4687 medio
542 4612 656 4689 ‚nostri
680 4613 727 4687 sit
752 4610 909 4689 Christus
929 4611 1036 4685 Deus.
1085 4609 1152 4685 Uhi
1168 4610 1315 4684 charitas
1331 4617 1371 4680 et
