3202 5176
694 341 772 413 409
787 437 789 441 .

73 521 134 597 bili
155 521 376 621 dispositione
397 545 505 600 uerae
526 523 722 617 humanitati
741 523 1014 623 inseparabiliter
1030 526 1227 617 coniunxit„
1240 535 1275 597 et
1295 545 1378 628 cao·

72 630 346 723 perantegratia
371 626 517 725 Spiritus
536 624 680 718 Sancti,
713 628 794 701 cleo
816 628 1033 704 exultationis
1054 649 1138 724 pme
1159 627 1377 726 participibus

73 729 144 804 auis
169 729 298 821 linivit,
324 740 362 804 nt
386 730 489 805 homo
513 729 636 802 iraude
663 729 789 803 diaboli
813 729 972 826 perditus·
992 733 1126 824 gemina
1152 740 1186 803 et
1212 730 1379 827 singulari

73 829 235 905 oenstans
258 836 418 923 materia,
442 835 587 929 perenni
610 832 824 922 redderetur,
851 831 983 930 deque
1008 830 1196 922 exciderat,
1213 831 1377 909 haeredi·

71 935 144 1022 tati,
164 931 329 1028 quatenns
350 935 415 1010 bos
432 959 480 1008 ex
502 935 648 1011 diversis
665 945 896 1018 creaturarum
914 933 1094 1030 speciebus
1110 935 1263 1030 liquores
1282 956 1377 1007 erea-

71 1044 127 1108 tcs
149 1047 288 1110 sanctse
309 1037 480 1114 Trinitatis
505 1038 716 1134 perfectione
737 1036 963 1131 bene†dicat
988 1047 1024 1111 ot
1043 1035 1277 1111 benedicendo
1298 1056 1378 1135 sap-

72 1135 246 1231 uit-ficet,
275 1141 509 1236 concedatque
537 1150 574 1212 ut
600 1140 700 1215 simul
724 1140 1004 1236 permistionem
1029 1139 1109 1213 iant
1129 1149 1163 1210 et
1185 1141 1379 1235 quicunque

70 1242 226 1314 exterius
246 1241 325 1315 inde
345 1252 529 1338 perunctus
551 1242 673 1333 merit,
698 1244 746 1313 ita
768 1244 909 1316 interius
928 1242 1086 1332 liniatur5
1104 1241 1200 1337 qued,
1220 1239 1376 1314 omnibns

68 1341 228 1415 sordibus
258 1345 449 1439 corporalis
476 1348 639 1417 materiae
666 1366 790 1420 careus
816 1367 855 1420 se
882 1347 1081 1441 participem
1108 1345 1208 1438 regni
1235 1344 1377 1417 caelesti

68 1441 160 1515 effici
180 1446 379 1536 gratuletur.
426 1446 495 1519 Per
515 1447 671 1518 eundem.

171 1555 238 1630 Quo
258 1557 339 1619 iacto
359 1556 444 1619 sedet
457 1557 615 1635 Pontifex,
632 1565 746 1621 retenta
766 1557 852 1618 mitra
870 1565 901 1618 et
918 1555 998 1633 balat
1010 1556 1097 1637 plane
1111 1559 1200 1619 tertio
1214 1558 1244 1619 ir
1257 1556 1375 1620 moduru

69 1657 165 1719 muris
187 1673 278 1736 snper
296 1674 332 1720 os
351 1657 496 1738 setpuliae
511 1657 681 1721 cirismatis
700 1657 852 1721 involutae
872 1666 941 1719 ante
961 1657 990 1721 id
1009 1675 1100 1739 super
1116 1676 1245 1721 mensam
1258 1652 1373 1723 stuntis'.

68 1756 184 1822 Deinde
203 1757 360 1823 duodecim
380 1760 560 1831 Sacerdotes
579 1762 693 1842 parati,
711 1761 762 1842 qni
782 1761 863 1823 iuxta
875 1778 942 1822 eum
955 1767 1041 1837 sunt,
1061 1759 1217 1822 ordinatim
1228 1760 1375 1831 iacientes

67 1862 264 1941 nescentiam
278 1863 469 1926 smrsnento
486 1863 517 1925 in
530 1863 629 1937 Alteri¹
643 1865 742 1944 perito
763 1871 794 1924 et
806 1862 962 1940 Pontifici,
984 1861 1022 1923 sd
1043 1879 1172 1924 mensam
1194 1862 1374 1943 praedictam

66 1963 211 2026 accedant
229 1973 262 2025 et
278 1972 391 2027 stantes
408 1975 477 2029 unte
488 1983 554 2037 esst
562 1967 676 2053 singull
691 1966 862 2029 successive
877 1964 982 2027 eodem
995 1963 1083 2027 medo
1098 1972 1128 2025 ut
1141 1963 1280 2027 Pontifex
1292 1964 1373 2043 isser

65 2062 132 2144 rat,
152 2067 183 2127 in
201 2066 319 2129 modum
332 2069 430 2131 crucis
447 2082 540 2149 super
550 2078 593 2131 ιιι·
601 2068 748 2149 ampullae
761 2067 932 2150 praedictae
944 2067 1051 2129 balent.
1090 2065 1161 2128 Tum
1171 2068 1373 2135 reverentiam

65 2177 98 2230 nt
117 2185 205 2248 snpra
217 2169 363 2232 iacientes
380 2169 416 2235 ad
429 2169 495 2233 lectt
508 2180 775 2235 retrovertentur.
811 2171 880 2247 Quo
894 2171 973 2233 iacto
986 2170 1082 2249 surgit
1095 2166 1234 2232 Pontifex
1247 2177 1278 2231 et
1292 2178 1373 2234 stans

64 2288 131 2332 cum
151 2272 235 2335 mitra
258 2271 387 2349 legende
405 2273 475 2335 dicit
489 2275 686 2337 exorcismum
700 2273 891 2337 chrismalem
903 2272 1040 2335 absolute
1057 2271 1172 2333 dicens:
1196 2261 1372 2335 Exordizo
1446 2270 1449 2276 ’

64 2372 99 2435 te
125 2371 283 2435 creatura
302 2364 372 2436 olei
395 2387 458 2460 per
479 2364 592 2444 Deum
612 2376 741 2463 patrem
767 2369 1032 2461 omnipotentem
1055 2368 1112 2459 qui
1132 2363 1214 2435 iecit
1236 2363 1371 2437 coelum

64 2474 265 2554 ettonem,
292 2486 387 2539 mare
412 2476 447 2543 et
467 2470 598 2557 omnia,
626 2490 715 2562 quae
733 2469 769 2538 in
795 2470 844 2541 eis
867 2476 965 2556 sunt,
988 2476 1026 2539 ut
1052 2469 1161 2540 omnis
1180 2469 1290 2540 virtus
1312 2465 1371 2538 ad·

63 2569 222 2656 versarii,
243 2571 351 2642 omnis
371 2573 544 2644 exercitus
570 2569 709 2660 dimoti,
727 2573 904 2664 omnisque
927 2570 1077 2642 incursie
1096 2578 1131 2639 et
1149 2590 1249 2640 omne
1266 2567 1371 2665 phen-

63 2679 171 2743 tesma
192 2668 341 2747 Satanae
361 2669 555 2748 eradicetur
571 2683 609 2744 et
630 2672 800 2764 effugetur
825 2681 911 2759 ate,
930 2681 967 2745 ut
986 2668 1047 2744 bas
1071 2669 1238 2760 omnibus,
1258 2674 1315 2765 qui
1335 2673 1371 2742 in

62 2782 97 2844 te
116 2772 267 2864 ungendi
288 2783 378 2864 eunt,
399 2777 436 2846 in
456 2774 673 2871 adoptionem
693 2773 839 2847 liliorum
860 2795 923 2870 per
944 2771 1104 2870 Spiritum
1122 2770 1293 2847 Sanctum.
1329 2770 1370 2845 Iu

61 2877 198 2947 nemine
220 2874 374 2971 Pal-tris
397 2881 649 2974 omnipotentis,
675 2888 710 2951 et
735 2876 866 2970 teret
891 2874 1015 2949 Christi
1026 2875 1110 2965 ,Fttti
1136 2877 1209 2949 eius
1232 2875 1370 2948 Domini

60 2979 188 3064 nostri,
215 2980 273 3071 qui
298 3000 374 3051 cum
387 3002 440 3055 co
465 2982 552 3053 vivit
573 2990 608 3059 et
625 2989 752 3073 regnat
772 2979 868 3052 Deus
886 2981 921 3051 in
940 2980 1066 3050 unitate
1089 2977 1242 3052 eiusdem
1263 2975 1368 3075 Spiri·
1446 3054 1453 3081 Ι

62 3086 116 3148 tus
130 3074 161 3168 Ἰ·
175 3074 300 3149 Sancti
334 3090 449 3153 Deinde
461 3091 596 3171 deposita
607 3094 694 3153 mitra
709 3092 841 3153 extensis
853 3091 986 3153 manibus
1001 3099 1068 3151 aute
1081 3098 1184 3170 pectus
1199 3089 1269 3151 dicit
1280 3089 1367 3151 Prae-

61 3185 217 3248 tatteaem:
242 3177 310 3251 Per
332 3183 444 3252 omnia
464 3205 554 3256 saec.
569 3178 683 3264 suec„
700 3190 744 3276 lt.
764 3185 886 3258 Amen.
920 3183 1018 3255 Domi
1040 3181 1120 3255 rob.
1157 3186 1200 3272 it.
1219 3180 1366 3255 Etcum

60 3275 213 3354 Sursum
255 3285 299 3374 It.
321 3280 503 3363 Habemus.
544 3280 687 3358 Gratias.
730 3291 773 3377 Ii.
800 3286 950 3377 Dignum
968 3294 1012 3358 et.
1055 3282 1149 3355 Vere
1169 3283 1308 3376 dignum
1333 3293 1368 3357 et

58 3385 184 3455 iustum
204 3392 257 3457 est
279 3403 336 3455 etc.
362 3385 519 3459 Aeterue
540 3383 648 3475 Deus,
668 3388 779 3481 quiin
800 3390 965 3483 principio
987 3389 1076 3458 inter
1099 3396 1214 3458 cetera
1236 3385 1367 3459 bonita-

58 3487 103 3558 tis
125 3493 212 3556 tuae
240 3509 381 3559 munera
409 3497 536 3560 terram
561 3488 754 3584 producere
780 3487 956 3560 tmcttfera
982 3488 1075 3580 ligna
1097 3489 1245 3579 iussisti,
1278 3491 1367 3562 inter

59 3608 148 3682 quae
168 3587 266 3661 buius
291 3592 503 3685 pinguissimi
523 3591 665 3685 liquoris
687 3594 860 3667 ministrae
880 3590 995 3664 olivae
1017 3600 1259 3681 nascerentur,
1286 3615 1366 3688 qua-

57 3711 132 3761 rum
153 3688 284 3764 fructus
306 3714 406 3771 sacro
424 3691 607 3775 Obrismati
626 3692 829 3768 deserviret.
872 3691 960 3766 Nam
980 3702 1015 3764 et
1033 3692 1146 3764 David
1164 3693 1365 3790 prophetico

56 3792 177 3887 spiriru
197 3796 327 3884 gratiae
347 3804 426 3867 tuae
444 3794 665 3868 Sacrameutc
683 3818 929 3892 praenoscens,
944 3795 1060 3868 uultus
1077 3805 1215 3868 nostros
1232 3799 1267 3867 in
1283 3796 1365 3869 eleo

57 3893 300 3969 exhilarandos
325 3919 403 3971 esse
433 3901 590 3971 cantavit.
638 3897 683 3971 Et
708 3921 784 3970 cum
809 3899 925 3971 mundi
946 3899 1085 3969 crimina
1107 3896 1235 3973 diluvio
1258 3919 1364 3992 quon-

58 3995 134 4066 dam
156 4001 375 4092 expiarentur
401 4000 531 4089 effuso,
559 4001 809 4074 similitudinem
830 4001 934 4073 futuri
955 4002 1104 4073 muneris
1125 3998 1282 4072 columba
1306 3996 1363 4070 de-

55 4109 249 4173 monstrans
268 4124 331 4196 per
349 4102 463 4173 olivae
481 4124 611 4176 ramum
624 4126 745 4199 pacem
758 4106 860 4176 terris
873 4102 1036 4175 redditam
1050 4104 1223 4175 nuntiavit.
1262 4098 1363 4185 Quod
1415 4124 1418 4132 ·
1448 4139 1453 4159 ι

57 4205 93 4271 in
112 4205 307 4277 novissimis
328 4204 745 4299 temporibusmanifestis
768 4215 822 4279 est
848 4205 1022 4280 effectibus
1043 4203 1264 4292 declaratum,
1282 4225 1362 4277 cnm

55 4302 263 4396 baptismatis
286 4308 384 4403 aquis
405 4311 555 4379 omnium
578 4311 752 4380 criminum
773 4311 953 4383 commissu
977 4303 1166 4378 delentibus
1185 4304 1271 4376 haec
1290 4307 1361 4378 olei

56 4406 170 4490 unct-io
188 4408 302 4490 vultus
319 4418 457 4481 nostros
475 4410 642 4484 iucundos
661 4409 763 4483 efficit
781 4433 821 4482 ec
838 4433 990 4486 serenos.
1030 4406 1112 4477 Inde
1131 4409 1231 4478 etiam
1246 4406 1362 4504 bleysi

55 4507 184 4579 famulo
207 4518 265 4582 tuo
286 4511 479 4586 mandatum
502 4511 709 4603 dedictum
729 4514 851 4587 Aaron
871 4514 1012 4586 fratrem
1033 4530 1130 4582 suum
1152 4513 1245 4607 prius
1272 4533 1358 4607 equa

55 4609 161 4681 lotum
181 4632 245 4709 per
261 4612 465 4690 inlusionem
477 4614 590 4703 buius·
600 4619 765 4709 unguenti
782 4619 1003 4693 constitueret
1020 4606 1253 4783 Sauppdctem.
1288 4615 1358 4719 Ac-
