3202 5176
241 528 316 592 tel:
344 518 384 591 ln
405 528 521 596 mento
542 517 671 591 oliveti
692 520 804 593 oravit
825 517 871 590 ad
889 515 1043 589 Patrem:
1068 514 1223 591 Paterai
1241 513 1319 588 fieri
1339 523 1451 612 potest

139 631 291 696 transeat
312 644 332 692 a
353 644 409 692 me
435 621 536 692 calin¹
549 623 622 694 iste.
675 620 821 717 Spiritus
841 618 978 715 quidem
999 628 1175 715 promptus
1194 628 1267 709 est,
1289 640 1374 690 caro
1394 642 1451 691 an-

139 735 208 797 tem
232 723 376 821 infirma,
402 721 459 794 liat
480 723 641 823 noluntas
666 731 734 793 tua.
767 720 919 819 Vigilate
936 730 972 792 et
986 728 1102 815 orate2
1122 730 1159 792 ut
1176 742 1248 792 non
1263 723 1400 797 intretis
1418 725 1451 794 in

137 829 367 899 tentationem.
411 824 558 924 Spiritus
579 825 715 920 quidem
735 833 801 897 etc.

235 956 359 1028 ,Interim
374 957 440 1020 dom
455 965 586 1018 cantatur
599 937 831 1039 Responsorium
838 952 989 1017 Diaconos
1000 954 1086 1043 ponit
1102 953 1208 1015 librum
1218 950 1451 1033 Evangelioran'

139 1056 231 1145 super
242 1059 360 1122 llltere:
383 1068 414 1120 et
426 1058 592 1138 Sacerdos,
611 1060 793 1121 ministrante
806 1056 941 1119 Diaccno
955 1055 1136 1149 amiculam,
1156 1058 1242 1141 ponit
1255 1058 1410 1119 incensum
1421 1055 1450 1119 in

139 1162 300 1243 thuribulo.
343 1160 459 1224 Deinde
474 1162 621 1224 Diaconus
637 1161 722 1224 dicit:
749 1149 877 1223 Munda
895 1171 958 1222 cor
976 1172 1090 1223 meum
1108 1174 1142 1247 p.-
1155 1154 1206 1221 62
1224 1158 1450 1242 accipitlinrmn

140 1265 177 1327 de
189 1265 295 1344 Alteri,
309 1266 385 1345 petit
399 1262 636 1326 benedictionem
651 1283 666 1325 a
681 1263 860 1326 Sacerdote:
873 1271 979 1344 postea
992 1262 1180 1325 Sabdiacono
1196 1261 1308 1324 librum
1322 1269 1449 1343 tenente,

139 1367 252 1430 medius
269 1369 347 1431 inter
361 1367 435 1428 duos
448 1366 612 1444 Aoolytlros
627 1377 763 1429 tenentes
779 1363 1098 1445 candelabraaccensa‚
1111 1366 1210 1445 signat
1220 1365 1344 1443 librum,
1355 1366 1448 1426 incen-

139 1480 185 1531 sat
198 1480 229 1532 et
243 1478 340 1537 cantat
353 1468 557 1549 Evangelium
572 1479 602 1531 nt
617 1470 692 1533 inira
707 1488 791 1534 more
804 1477 961 1546 consueto,
975 1486 1033 1548 qno
1050 1468 1131 1531 linito
1140 1467 1447 1533 Sobdiaconnadedert

139 1571 247 1637 librum
262 1570 450 1635 osculandum
465 1571 630 1651 Sacerdoti,
644 1574 694 1655 qni
708 1582 739 1634 et
752 1572 923 1634 incensatur
935 1589 952 1632 a
964 1569 1107 1636 Diacono.

140 1674 143 1679 ’
240 1679 426 1778 Sequentia
444 1678 562 1757 Sancti
582 1680 765 1777 Evangelii
783 1680 973 1756 secundum
988 1679 1197 1755 Matthaeum
1212 1675 1314 1770 XXI,
1336 1682 1447 1753 l-Dz

45 1864 48 1869 ,
138 1782 179 1863 tn
208 1782 271 1859 illo
304 1795 476 1883 tempore:
511 1782 597 1858 Cum
623 1786 930 1882 appropinquasset
955 1781 1054 1860 lesus
1080 1793 1145 1891 etc.
1171 1824 1225 1837 -
1249 1782 1449 1858 benedictus

139 1888 197 1985 qui
222 1889 318 1960 venit
342 1891 379 1959 in
402 1892 540 1959 nomine
562 1888 708 1960 Domini.

242 1999 315 2062 Post
334 2000 408 2062 laec
420 1999 634 2063 benedicuntur
647 2001 729 2063 rami.
769 1992 917 2063 Sacerdos
930 2007 1012 2061 stans
1026 1999 1055 2060 in
1069 1996 1177 2061 eodem
1190 2002 1287 2061 co'rnu
1298 1997 1450 2079 Epistulae

136 2101 252 2162 dicitnr
268 2111 339 2163 tono
356 2082 505 2165 orationis
518 2102 646 2164 ferialis:
672 2093 839 2169 Dominus
862 2092 1050 2167 vobiscum.
1094 2095 1137 2182 liz.
1164 2088 1210 2165 Et
1232 2114 1310 2165 cum
1329 2087 1450 2190 spiritu

138 2204 208 2267 tuo.
262 2193 417 2271 Dromas.
465 2196 570 2289 Auge
595 2190 696 2267 iidem
722 2198 757 2268 in
782 2205 818 2268 te
841 2197 1051 2293 sperantium
1076 2193 1173 2268 Deus
1198 2204 1235 2266 et
1258 2194 1450 2292 supplicum

138 2319 263 2395 preces
289 2297 476 2371 clementer
497 2298 640 2371 exaudi:
664 2301 781 2373 veniat
802 2320 992 2395 supernos
1013 2294 1193 2393 multiplex
1215 2298 1448 2373 misericordia

137 2409 216 2471 tua:
237 2398 525 2495 beneidicantur
543 2392 629 2475 ethi
646 2402 801 2499 palmites
819 2401 1006 2496 palmarum
1023 2422 1086 2475 seu
1103 2398 1294 2473 olivarnm:
1315 2409 1352 2473 et
1367 2403 1446 2474 sicut

137 2504 173 2573 in
191 2500 302 2596 ligura
315 2504 494 2578 ecclesiae
516 2504 745 2603 multiplicasti
770 2502 848 2577 Noe
869 2502 1102 2597 egredientem
1125 2500 1168 2575 de
1190 2525 1275 2575 arca
1297 2512 1332 2575 et
1354 2501 1444 2600 Mop-

137 2627 201 2678 sen
220 2616 404 2679 exeuntem
425 2607 469 2679 de
489 2607 655 2705 Aegypto
678 2629 755 2678 cum
776 2605 854 2683 liliis
876 2605 1003 2693 lsrael;
1023 2608 1071 2677 ita
1091 2625 1157 2709 nos
1176 2615 1360 2703 portantes
1377 2607 1446 2711 pal·

137 2729 210 2780 mas
232 2719 265 2781 ct
286 2731 401 2782 ramos
425 2709 606 2797 olivarum,
622 2709 727 2805 lonis
750 2708 881 2782 actibus
902 2729 1123 2781 occurramus
1141 2706 1281 2789 obviam
1297 2706 1445 2784 Christos

137 2819 172 2882 et
190 2833 254 2907 per
275 2813 385 2907 ipsum
404 2814 439 2882 in
458 2812 619 2907 gaudium
637 2802 803 2887 intremus
820 2821 1006 2884 aeternum
1049 2808 1116 2897 Qui
1135 2820 1249 2884 tecum
1271 2822 1339 2884 etc.
1346 2806 1379 2913 ¹)

238 2930 307 3001 Per
333 2934 445 3001 omnia
467 2932 606 3003 saecula
628 2933 847 3015 saeculorum
868 2941 932 3002 etc.
953 2949 984 3001 ut
1004 2959 1033 3021 p.
1055 2935 1105 3002 ts.
1138 2926 1234 3002 Vere
1256 2928 1396 3024 dignum
1414 2942 1445 3004 et

136 3031 260 3103 iustum
282 3040 348 3120 est,
374 3054 522 3128 aequum
548 3042 583 3104 et
604 3033 754 3107 salutare
776 3054 840 3108 nos
867 3032 928 3105 tibi
948 3055 1084 3129 semper
1098 3042 1149 3104 et
1168 3031 1298 3128 ubique
1324 3035 1444 3129 gratias

61 3160 68 3167 ·
138 3154 258 3225 agere,
284 3132 430 3205 Domine
450 3145 583 3224 sancte,
605 3136 707 3207 Pater
731 3139 943 3230 omnipotens
954 3145 1106 3215 ‘aeterne
1132 3135 1239 3209 Deus.
1285 3134 1355 3223 Qui
1375 3136 1446 3230 glo·

136 3237 237 3306 riaris
256 3235 291 3304 in
312 3236 454 3315 consilio
476 3235 680 3310 Sanctorum
699 3248 843 3310 tuorum.
888 3237 964 3310 'libi
984 3241 1073 3309 enim
1094 3239 1250 3312 serviunt
1269 3249 1446 3310 creaturae

137 3345 236 3407 tuaac
265 3337 343 3430 quia
363 3346 400 3407 te
421 3338 531 3410 solum
557 3351 732 3414 auctorem
758 3351 793 3414 et
818 3338 931 3413 Deum
948 3350 1185 3434 cognoscunt:
1212 3350 1247 3413 et
1265 3342 1374 3415 omnis
1395 3338 1446 3411 la·

138 3448 234 3509 ctura
261 3447 319 3508 tua
345 3447 383 3510 te
402 3438 573 3513 collaudat
594 3453 630 3514 et
649 3442 855 3515 benedicunt
871 3453 908 3517 te
930 3442 1047 3517 Sancti
1066 3445 1124 3515 tui
1168 3440 1257 3529 Quia
1274 3441 1361 3516 illud
1376 3464 1447 3514 ma·

138 3560 242 3633 gnum
259 3538 433 3635 Unigeniti
449 3544 499 3611 tui
520 3563 645 3617 nomen
665 3567 782 3619 coram
793 3545 943 3639 ‘regibus
962 3554 997 3618 ct
1013 3545 1239 3644 potestatibus
1258 3545 1358 3619 lrnins
1374 3567 1446 3620 sae-

22 3728 26 3737 ,
138 3642 208 3717 culi
237 3641 347 3721 libera
379 3664 469 3715 voce
492 3642 703 3719 confitentur.
745 3645 809 3720 Gui
830 3642 991 3722 assistunt
1011 3647 1144 3743 Angeli
1164 3657 1200 3721 et
1220 3648 1444 3743 Archangeli,

139 3744 271 3818 Throni
300 3756 334 3819 et
358 3746 631 3823 Dominationes,
651 3770 796 3844 cumque
823 3753 914 3823 omni
939 3750 1057 3828 militia
1081 3750 1246 3827 eoelestis
1273 3754 1443 3839 exercitus

138 3848 301 3944 hymnum
316 3858 401 3919 ‘tuae
427 3848 561 3940 gloriae
587 3852 772 3923 concinunt
791 3854 866 3926 sine
890 3850 957 3925 line
978 3854 1148 3929 dicentes:
1174 3851 1340 3947 Sancum,
1365 3851 1445 3930 San·

137 3958 212 4025 ctus
235 3959 291 4021 etc
311 3973 343 4046 p.
369 3953 427 4022 80.
536 4014 539 4019 .
745 3978 748 3983 ·
825 3982 828 3988 ·

157 4144 160 4153 Ι
237 4052 406 4127 Dominus
429 4052 617 4129 vobiscum.
658 4060 701 4148 lp.
728 4054 875 4128 Etcum
901 4058 1106 4153 spiritntuo.
1155 4056 1314 4132 Oremus.
1360 4056 1444 4132 Peti-

136 4178 211 4231 mus
229 4154 376 4229 Domine
393 4167 524 4248 sancte,
542 4156 646 4231 Pater
664 4161 892 4257 omnipotens,
908 4156 1049 4232 aete'rne
1061 4158 1175 4236 Deus:
1194 4172 1231 4234 ut
1248 4160 1343 4239 hanc.
1355 4182 1445 4235 crea·

136 4266 244 4331 turam
275 4260 401 4349 olivae,
429 4282 596 4356 quamque
623 4259 780 4353 columba
806 4263 944 4337 rediens
971 4261 1014 4334 ad
1032 4286 1147 4337 arcam
1165 4267 1310 4361 proprio
1335 4273 1445 4363 portu·

137 4358 176 4431 lit
197 4383 258 4432 ore
277 4361 529 4458 bene†dicere
548 4358 590 4433 et¹
602 4364 861 4458 sanoti†licare
881 4365 1051 4460 digneris:
1070 4376 1107 4440 ut
1125 4369 1322 4465 quicunque
1345 4391 1393 4442 ex
1407 4389 1444 4439 ea

137 4528 343 4541 ,1-

204 4617 950 4697 lunantur.mettipatnttesotirarun.
1019 4653 1041 4677 a
