3202 5176
824 343 901 415 426
1026 351 1030 367 ⁴

313 540 352 606 lit
365 559 434 605 mox
443 539 509 602 Rex
523 539 672 603 accinctus
685 536 781 618 surgit
794 547 824 601 et
837 538 941 601 eximit
953 552 1054 598 ensem
1068 535 1106 598 de
1119 537 1227 616 ragina
1239 537 1382 619 illumque
1395 538 1525 601 viriliter

210 645 309 709 vibrat
329 644 435 709 deinde
457 662 548 725 super
558 630 709 706 brachium
722 643 870 704 sinistrum
883 640 975 719 tergit
991 647 1021 700 et
1034 639 1063 699 iu
1078 642 1214 716 vaginam
1232 643 1350 722 reponit
1365 650 1454 722 atque
1470 644 1525 705 ite·

211 767 275 812 rum
295 766 393 811 coram
407 746 637 828 Metropolitano
658 744 839 824 genullectit.
879 743 961 805 'luna
975 742 1003 803 ei
1021 759 1132 804 corona
1145 743 1306 825 imponitur
1319 763 1403 825 quam
1421 763 1526 806 omnes
1564 784 1593 883 u

140 838 141 843 ἵ
212 850 337 921 Praelati
353 851 451 932 parati
474 851 522 930 qui
544 849 648 912 adsunt
671 850 709 934 de
722 848 815 910 Altari
829 844 1157 929 perbletropolitanuru
1179 855 1301 909 sumtanr
1326 848 1460 909 manibus
1483 857 1526 909 te·
1566 850 1569 857 '

165 1019 166 1022 ,
212 962 298 1033 nent,
311 955 379 1034 ipso
392 952 621 1034 bletropolitanc
637 953 715 1013 illam
730 960 872 1030 regente,
888 950 975 1031 capiti
990 948 1067 1010 illius
1082 949 1254 1031 imponente
1267 968 1303 1010 ac
1317 950 1451 1012 dicente:

314 1046 445 1142 Accipe
480 1068 642 1118 coronam
672 1048 772 1138 regni
800 1066 887 1139 quae
917 1045 998 1115 lieet
1025 1041 1067 1113 ab
1096 1043 1244 1135 indignis
1272 1041 1526 1140 Episcopornm

211 1159 326 1222 ιιιιιιι
350 1149 517 1238 manibus,
546 1150 646 1245 capiti
667 1157 725 1219 tuo
749 1149 938 1244 imponitur.
988 1143 1026 1215 ln
1052 1149 1189 1216 nomine
1213 1145 1367 1240 Pa†tris
1391 1158 1427 1217 et
1447 1145 1527 1251 Fi†

147 1250 150 1254 ’
211 1252 250 1326 lii
277 1262 310 1324 et
333 1247 528 1347 Spiritus-l·
554 1250 688 1340 Sancti,
721 1272 821 1345 qnam
847 1251 1033 1322 sanctitatis
1060 1247 1205 1340 gloriam
1238 1258 1273 1320 et
1295 1246 1485 1320 honorem
1494 1259 1527 1319 et

213 1375 300 1451 opus
321 1353 527 1426 fortitudinis
550 1351 743 1474 significare
765 1352 936 1445 intelligas
958 1359 992 1422 et
1008 1370 1071 1446 per
1090 1351 1177 1422 hanc
1195 1360 1231 1421 te
1246 1354 1448 1447 participem
1467 1355 1527 1422 mi-

212 1458 344 1529 nisterii
362 1458 472 1528 nostri
493 1474 563 1526 non
588 1459 739 1548 ignores.
783 1454 833 1525 lta
859 1465 896 1525 ιιι
916 1455 1003 1526 sicut
1024 1474 1089 1525 nos
1112 1456 1148 1524 in
1170 1453 1389 1526 interioribus
1412 1465 1526 1551 pasto-

213 1580 292 1648 res,
326 1567 551 1653 rectoresque
577 1560 762 1629 animarum
783 1558 1022 1650 intelligimur,
1050 1559 1095 1626 ita
1118 1565 1152 1627 et
1177 1567 1214 1626 tu
1240 1559 1274 1626 in
1295 1557 1526 1630 exterioribus

93 1706 96 1711 «
212 1681 319 1732 verus
342 1659 408 1730 Dei
433 1661 544 1732 cultor
565 1670 792 1757 strenuusque
815 1668 934 1731 contra
955 1680 1074 1732 omnes
1097 1658 1323 1731 adversitates
1344 1657 1527 1733 Ecclesiae

215 1759 341 1835 Christi
366 1761 529 1835 defensor
547 1767 699 1853 assistas,
725 1765 894 1858 regnique
920 1760 979 1833 tibi
1000 1784 1019 1831 a
1042 1761 1118 1832 Deo
1147 1761 1215 1831 dati
1238 1770 1271 1832 ιι
1293 1783 1356 1856 per
1378 1760 1528 1833 cilicium

213 1875 353 1938 nostrae
374 1863 619 1938 benedictionis
642 1869 676 1936 in
697 1868 775 1937 vioe
797 1864 1044 1962 Apostolorum
1069 1867 1284 1958 omniumque
1308 1861 1527 1953 Sanctorum,

109 2058 112 2064 .
212 1969 371 2068 regimini
395 1976 454 2038 tao
475 1970 646 2042 commissi
664 1969 757 2042 utilis
777 1977 963 2056 executor,
989 1965 1232 2062 proficuusque
1254 1977 1421 2058 regnator
1440 1989 1528 2041 seru-

36 2060 41 2071 '
111 2140 113 2146 ,
213 2088 278 2164 per
304 2082 482 2189 appareas,
508 2079 545 2141 ut
569 2072 659 2141 inter
684 2071 857 2163 gloriosos
885 2068 1041 2158 athletas,
1067 2072 1229 2141 virtutum
1255 2071 1399 2160 gemmis
1427 2091 1527 2141 orna-

214 2180 270 2244 tus
292 2180 327 2241 et
352 2173 505 2267 praemio
526 2175 753 2266 sempiternae
773 2171 945 2242 felicitatis
965 2180 1150 2244 coronatus
1174 2192 1249 2242 eum
1268 2171 1467 2243 redemtore
1489 2195 1526 2242 ac

107 2354 108 2357 Ἴ
215 2269 399 2346 Salvatore
421 2282 541 2344 nostro
563 2273 642 2347 lesu
666 2272 800 2348 Christo
823 2277 920 2345 ouius
941 2292 1068 2345 nomen
1088 2276 1269 2369 vicemque
1290 2283 1430 2392 gestare
1454 2298 1528 2347 ere-

214 2374 327 2466 denis,
354 2377 428 2448 siue
450 2373 516 2446 fine
545 2378 714 2469 glorieris.
765 2375 831 2461 Qui
857 2377 960 2448 vivit.

317 2485 426 2549 Postea
437 2485 688 2570 Metropolitanus
699 2488 747 2549 dat
765 2507 792 2550 er
785 2488 901 2549 adhuc
915 2486 1076 2564 genuflexo
1091 2497 1255 2569 sceptrum,
1271 2488 1389 2550 dicens:

317 2579 450 2676 Accipe
475 2584 610 2703 uirgam
635 2585 770 2656 virtutis
797 2604 838 2653 ae
864 2584 1018 2654 veritatis
1045 2604 1111 2676 qua
1137 2583 1329 2675 intelligas,
1357 2591 1394 2653 ιι
1421 2580 1527 2653 obno-

143 2729 145 2734 s
216 2685 310 2757 xium
338 2683 491 2754 mulcere
513 2687 602 2780 pios,
628 2690 761 2756 ιἰιιιιι
782 2683 965 2781 reprobos,
993 2695 1148 2758 errantes
1174 2687 1265 2757 viam
1292 2684 1436 2773 docere,
1458 2684 1528 2780 lap-

217 2789 265 2862 sis
289 2800 425 2856 manum
451 2790 645 2882 porrigere,
669 2787 869 2890 disperdere
889 2785 1056 2882 superbos
1079 2797 1114 2858 ιι
1138 2787 1299 2859 relevare
1322 2787 1471 2861 humiles
1497 2796 1529 2857 et

218 2885 349 3009 aperiat
374 2887 435 2958 tibi
461 2892 583 2960 ostium
609 2888 706 2963 lesus
734 2880 886 2962 Christus
910 2889 1075 2961 Dominus
1099 2900 1235 2980 noster,
1265 2893 1322 2985 qui
1349 2889 1392 2961 de
1420 2898 1528 2963 semet

217 2993 294 3085 ipsc
315 2991 379 3060 ait·
400 2987 478 3081 Ego
499 3011 574 3062 sum
597 2996 733 3080 ostium,
753 3015 816 3088 per
837 3012 891 3062 me
909 2993 939 3062 si
957 2994 1031 3085 quis
1050 2994 1229 3082 introierit
1249 2992 1452 3082 salvabitur,
1474 2993 1531 3088 qni

219 3100 272 3165 est
305 3092 414 3164 clavis
440 3090 553 3164 Dauid
578 3102 613 3164 et
639 3103 810 3189 sceptrum
837 3092 957 3166 domus
983 3092 1113 3184 lsrael,
1148 3098 1204 3190 qui
1230 3098 1341 3190 aperit
1368 3105 1402 3166 et
1428 3116 1529 3167 nemo

219 3194 358 3283 claudit,
385 3193 512 3265 clandit
532 3203 566 3266 ιι
585 3217 686 3266 nemo
709 3198 826 3292 aperit.
869 3192 988 3290 Sitque
1009 3195 1069 3267 tibi
1088 3197 1219 3283 ductor,
1240 3200 1297 3293 qui
1319 3199 1435 3270 educit
1455 3201 1530 3270 viu-

219 3305 311 3368 ctum
332 3246 376 3368 <le
398 3297 499 3368 domo
527 3302 688 3388 carceris,
710 3298 914 3372 sedentem
904 3320 939 3368 m
959 3299 1112 3371 tenebris
1139 3308 1173 3371 et
1196 3299 1315 3372 umbra
1337 3301 1465 3389 mortis,
1492 3307 1528 3369 et

218 3399 255 3468 in
288 3399 443 3474 omnibus
474 3403 571 3495 sequi
602 3404 766 3474 merearis
793 3424 870 3471 eum
897 3400 941 3471 de
968 3422 1034 3496 quo
1062 3401 1174 3473 David
1201 3401 1367 3499 propheta
1394 3403 1525 3489 cecinit,

220 3498 332 3574 Sedes
354 3513 410 3573 tua
431 3502 554 3576 Deus
544 3525 579 3573 m
601 3504 775 3578 saeculum
796 3503 938 3592 saeculi,
958 3507 1059 3596 virga
1082 3503 1290 3595 directionis,
1312 3509 1413 3599 virga
1431 3506 1529 3598 regni

220 3606 282 3692 tui,
310 3613 344 3674 et
361 3603 551 3676 imitando
541 3627 663 3701 ipsum,
691 3605 813 3698 diligas
835 3608 995 3679 iustitiam
1017 3616 1051 3677 et
1074 3606 1154 3679 odio
1175 3606 1302 3680 habeas
1321 3610 1529 3703 iniquitatem

222 3708 301 3801 quia
319 3717 502 3801 propterea
518 3712 616 3781 unxit
631 3719 666 3780 te
684 3708 792 3798 Deus,
810 3707 905 3782 Deus
924 3716 1014 3797 tuus,
1034 3709 1076 3780 ad
1095 3711 1289 3805 exemplum
1305 3711 1421 3832 illius,
1431 3733 1531 3806 quem

221 3816 300 3880 ante
323 3809 461 3881 saecula
486 3822 633 3882 unxerat
659 3813 739 3884 oleo
767 3811 986 3886 exultationis
1012 3834 1095 3908 prae
1121 3813 1341 3909 participibus
1368 3815 1453 3903 suis,
1479 3812 1531 3884 le·

221 3928 297 3985 sam
317 3907 486 3985 Christum
505 3912 686 3986 Dominum
708 3924 861 3987 nostrum
880 3917 972 4010 qui
958 3936 1034 3989 eum
1057 3930 1101 3987 eo
1123 3918 1210 3989 vivit
1231 3925 1265 3986 ιι
1286 3927 1411 4009 regnat.
1436 3917 1530 3988 Deus

220 4011 290 4084 Per
314 4018 434 4087 omnia

225 4164 233 4187 .·
268 4174 271 4178 .
325 4126 496 4206 Tuncllegi
518 4129 651 4207 surgenti
672 4127 846 4206 discingitur
868 4129 947 4190 ensis
969 4130 1021 4189 et
1011 4147 1042 4190 ιι
1056 4130 1163 4208 vagina
1177 4130 1260 4191 datur
1273 4127 1379 4208 alieni,
1403 4130 1454 4210 qui
1469 4146 1532 4192 euru

222 4235 291 4289 ante
303 4226 419 4306 liegern
432 4231 597 4293 immediate
610 4240 718 4311 portat.
746 4230 783 4293 Et
791 4230 1035 4312 Metropolitanus
1049 4251 1114 4293 cum
1127 4232 1191 4294 aliis
1200 4231 1342 4293 Praelatis
1357 4234 1469 4312 paratis
1485 4231 1533 4295 de·

225 4329 305 4391 ducit
317 4331 430 4410 Regem
448 4343 595 4413 sceptrum
614 4335 643 4393 in
658 4352 742 4396 manu
759 4343 788 4394 et
802 4352 939 4397 coronam
953 4335 982 4396 in
998 4337 1093 4415 capite
1107 4335 1250 4396 ferentem
1265 4335 1391 4396 medium
1407 4336 1487 4398 inter
1499 4353 1532 4396 se

224 4450 240 4492 a
263 4433 393 4495 dexteris
415 4445 445 4496 et
459 4437 624 4514 digniorem
637 4434 798 4497 Praelatum
814 4446 942 4518 paratum
959 4455 975 4499 a
988 4438 1115 4499 sinistris
1130 4437 1222 4517 Regis
1235 4437 1422 4500 incedentem
1435 4438 1473 4500 ad
1486 4455 1532 4501 so·

224 4527 292 4594 lium
306 4555 394 4617 supra
408 4537 563 4600 thalamum
577 4547 608 4600 et
620 4539 774 4603 adiurante
789 4557 854 4602 eum
868 4540 1005 4619 digniore
1019 4540 1153 4605 Praelata
1170 4540 1340 4625 praedicto,
1355 4541 1533 4604 inthronizat

224 4635 338 4716 Regem
351 4640 381 4701 in
393 4639 471 4702 solio
486 4640 603 4705 diceus:
