3202 5176
769 297 816 367 ει

309 461 611 562 annnronnus.
899 406 903 411 ⁵
970 463 1311 548 nonnunmoos.

139 589 317 684 imposita:
346 596 381 659 et
400 587 518 680 prunis
541 583 773 658 saevientibus
811 587 924 656 nitur.
961 585 1000 655 ln
1025 586 1084 656 illa
1104 585 1355 682 Redemptiono
1372 611 1457 680 gen-

140 691 364 778 auhelant‘es‚
397 692 575 760 incensum
608 708 711 787 suurn
739 688 773 756 in
824 692 908 759 tium
933 686 1151 758 vivificatur:
1179 691 1214 758 in
1241 691 1306 761 ista
1334 701 1456 782 gentes

140 792 278 864 modum
292 789 664 885 thymiamatis'divinis
683 792 773 858 nari·
823 789 1052 864 vivificantur.
1092 790 1277 861 Perillam
1303 795 1398 862 venit
1419 803 1458 864 ut

140 894 205 967 bus
220 893 383 964 exhibent
399 891 551 963 odorem.
579 890 670 960 Dicit
684 893 774 960 enim
823 901 967 990 peccata
993 891 1153 963 tollereta
1181 914 1243 987 per
1263 895 1363 965 istam
1381 894 1458 965 tulit
1552 926 1555 946 ·

141 1006 271 1090 martyr
299 998 373 1090 ipse
394 1016 472 1064 cum
492 993 620 1064 Paulo:
649 988 774 1065 Christi
823 1004 980 1091 peccata.
994 1004 1135 1091 propter
1151 1015 1239 1087 quae
1257 998 1361 1065 venit.
1390 995 1458 1067 Per
1559 1061 1562 1068 .

140 1099 251 1170 bonus
267 1095 571 1170 odorsumusDeo.
595 1092 674 1166 Non
685 1097 774 1164 enim
824 1097 919 1167 iliam
937 1118 1000 1168 nos
1015 1095 1176 1190 ploravit,
1195 1119 1258 1192 per
1276 1098 1375 1168 istam
1393 1118 1457 1168 nos

140 1198 314 1292 cogitabat
328 1197 500 1293 quomodo
519 1200 554 1267 iu
575 1199 774 1291 terraposi-
826 1202 958 1270 curavit
984 1208 1047 1267 etc.
1087 1200 1237 1292 Eepltott
1250 1203 1329 1269 tta:
1358 1197 1457 1269 Unde

139 1312 195 1375 tus
210 1323 229 1370 a
243 1303 412 1395 passionis
432 1297 589 1395 periculo
608 1297 774 1369 liberare·
823 1323 916 1372 uuuc
931 1323 950 1369 a
964 1300 1117 1372 dexteris
1132 1303 1205 1372 eius
1219 1299 1313 1370 felici
1333 1308 1367 1370 et
1381 1299 1457 1391 glo·
1505 1340 1514 1357 .

139 1413 217 1474 tur:
238 1403 300 1475 sed
314 1401 486 1497 quomodo
501 1404 590 1472 inter
602 1410 773 1493 martyres
824 1406 918 1477 riosa
928 1405 1142 1498 perennitate
1156 1404 1361 1490 consistens,
1379 1423 1457 1471 eum

139 1505 305 1578 incaelis
326 1513 560 1575 coronaretur.
591 1502 660 1605 h’er
678 1500 773 1572 Ohri-
825 1513 939 1575 teoum
959 1507 1173 1599 omnipotens
1194 1504 1298 1574 Pater
1324 1513 1358 1574 et
1379 1522 1457 1574 cum

139 1617 230 1680 stum
268 1606 451 1678 Dominum
494 1614 672 1692 nostrum,
710 1626 774 1698 per
825 1616 944 1681 sancto
982 1604 1111 1699 Spiritu
1143 1615 1347 1697 regnantem
1379 1626 1456 1674 cum

139 1731 243 1803 quem
265 1717 329 1781 ete.
825 1706 982 1778 omnibus
998 1706 1147 1795 Angelis
1162 1704 1356 1777 confitendo
1371 1727 1457 1775 oon·
1529 1760 1534 1767 .

824 1806 995 1903 iaudatpet
1008 1806 1107 1876 dicit:

193 2109 353 2200 Sanctus,
369 2105 536 2195 sanetus.
551 2103 696 2178 Sanctus
717 2109 772 2178 de-
876 2107 1036 2199 Sanctus,
1050 2106 1209 2196 Sanctus.
1223 2105 1370 2181 Sanctus
1383 2105 1455 2179 Do·
1514 2195 1517 2199 Ι

140 2224 300 2290 eamear.
353 2213 460 2285 Docet
484 2211 600 2281 anoo
635 2209 774 2281 Caecilii
822 2216 913 2284 mine
928 2212 1023 2285 Deus
1038 2210 1199 2285 Sabaoth.

146 2318 306 2391 Vaaeoaie-
320 2315 454 2385 secandi
474 2316 604 2404 ertias,
631 2312 772 2383 antelmo
873 2315 973 2387 Pleni
985 2325 1064 2387 sunt
1079 2313 1172 2385 coeli
1188 2321 1222 2382 et
1236 2321 1330 2383 terra
1343 2311 1455 2402 gloria

138 2442 206 2491 aaa
239 2423 274 2488 to
299 2415 444 2493 amatha
467 2413 580 2484 Maste
607 2423 771 2486 cantatam
822 2420 1007 2488 maiestatis
1021 2426 1111 2486 tuae.
1519 2426 1522 2441 ·

141 2543 214 2596 esse
230 2521 414 2612 amaea.
424 2539 458 2608 p.
473 2514 533 2584 31.
848 2555 856 2568 ·
875 2516 1011 2590 Osanna
1024 2517 1094 2588 fibo
1109 2513 1241 2603 navio,
1266 2512 1402 2586 Osanna
1420 2515 1455 2583 in

246 2635 251 2644 '
823 2619 983 2690 excelsis,

873 2719 1099 2805 Benedictus.
1128 2718 1185 2810 qui
1211 2717 1307 2786 venit
1333 2719 1368 2786 in
1393 2738 1454 2786 no-

821 2825 913 2893 mine
947 2821 1094 2893 Domini.
1150 2814 1287 2890 Osanna
1325 2820 1360 2888 in
1392 2840 1454 2889 ex-

638 2976 644 2989 .
823 2925 937 2997 celsis.
1395 2935 1403 2961 '
1440 2982 1442 2987 .
1579 2990 1585 2998 ,

772 3087 778 3099 .
844 3025 1005 3116 ,Αςὶοε,
1038 3021 1172 3113 Agim,
1206 3020 1319 3111 Agios
1344 3019 1456 3114 Kyrie

823 3126 980 3198 Otheos.
1382 3162 1385 3167 ·

872 3230 950 3301 Post
959 3224 983 3299 S
993 3233 1145 3296 anctus
1159 3228 1278 3296 recitat
1287 3223 1454 3295 Sacerdos

820 3332 950 3404 &eoem
968 3332 1150 3399 orationem
1167 3331 1278 3420 officio
1295 3329 1362 3396 dtea'
1377 3348 1452 3396 coa·

820 3438 998 3505 caesarea
1022 3453 1050 3501 e.
1062 3455 1093 3522 p.
1120 3434 1155 3498 io
1180 3431 1362 3499 Nativitate
1384 3428 1453 3499 De

820 3541 917 3607 raia:
942 3531 1037 3601 Vere
1060 3537 1215 3615 sanctus,
1235 3549 1323 3599 vere
1347 3528 1452 3599 benc-

821 3637 930 3708 dictus
939 3633 1105 3703 Dominus
1119 3639 1238 3701 noster
1248 3627 1451 3703 IesusOhri-

822 3748 907 3825 stus„
930 3737 987 3828 qui
1007 3733 1102 3805 venit
1124 3753 1143 3801 e
1165 3732 1290 3820 coelis
1312 3742 1348 3803 ut
1368 3753 1447 3803 eon-

821 3845 1022 3910 versaretur
1042 3837 1077 3904 in
1095 3835 1215 3922 terrisr
1239 3855 1321 3906 caro
1340 3833 1454 3906 iactus

823 3949 888 4029 est,
907 3947 945 4009 ut
958 3937 1124 4009 habitaret
1136 3939 1171 4005 in
1184 3936 1283 4029 nobis
1298 3932 1453 4009 Ohristus

751 4108 754 4113 .
822 4043 990 4119 Dominus
1011 4063 1052 4111 ac
1065 4039 1265 4134 redemptor
1287 4048 1450 4109 aeternus
