3202 5176
761 272 835 341 126

243 474 347 535 Restat
366 471 534 550 singulares
554 466 691 548 quasdam
713 484 945 551 commemorare
958 465 1171 543 caerimonias,
1195 467 1226 527 in
1248 466 1322 547 ipse
1338 464 1471 529 lectione

140 576 298 654 Evangelii
314 578 383 637 olim
402 576 521 634 usitatas
543 580 575 631 et
588 589 665 630 nune
680 590 798 651 quoquc
812 573 919 651 passim
935 569 1092 629 adbibitus·
1129 569 1236 629 Statim
1259 586 1300 630 ne
1314 568 1469 631 Diaconos

142 682 263 760 incipiat
275 678 467 755 Evangelium
482 692 585 735 omnes
597 674 720 749 baculos
730 673 932 753 deponebant,
947 681 978 731 ut
992 682 1038 732 est
1051 668 1374 753 apndllddebertum:
1387 672 1470 737 Pete

142 782 268 842 bomrios
276 782 371 859 ponit,
384 786 447 839 stat
458 778 623 855 retepitpue
635 783 736 853 caput.
763 776 846 836 Nunc
860 776 969 836 milites
983 774 1119 851 religiosi
1133 784 1164 836 et
1176 778 1340 855 equestris
1354 777 1467 839 ordinis

142 887 199 945 viri
213 886 277 944 ensi
297 902 411 944 manum
429 882 588 942 admovent
602 880 649 939 vel
670 879 797 939 educunt
819 878 856 939 de
878 878 985 955 rapina
1003 896 1068 937 cnm
1087 880 1230 938 recitatur
1249 876 1467 959 Evangelium,

142 997 173 1047 ut
196 1006 233 1047 eo
261 996 349 1063 gestu
376 994 523 1045 testentur
549 1002 583 1043 se
610 991 730 1063 paratos
757 1001 824 1041 esse
855 1000 909 1061 pro
941 979 1099 1057 Evangelii
1124 980 1308 1042 defensione
1341 984 1467 1044 viriliter

141 1107 275 1170 pugnare
294 1097 325 1148 et
346 1088 519 1164 sanguinem
540 1084 701 1145 effundere.
740 1084 916 1144 Praesertim
944 1084 973 1142 in
1001 1081 1125 1145 Palania
1152 1083 1201 1145 bie
1224 1102 1301 1144 usus
1333 1086 1467 1163 vigebat.

141 1190 375 1271 Deponebantur
394 1193 481 1250 etiam
500 1205 630 1249 coronae
650 1195 699 1245 aut
718 1188 742 1246 si
764 1186 831 1266 qnid
856 1186 932 1246 aliud
955 1187 983 1244 in
1007 1188 1105 1266 capite
1126 1188 1356 1267 operimentum
1375 1197 1467 1250 esset:

144 1293 221 1374 qnod
242 1292 389 1371 hodieque
408 1300 529 1352 servant
549 1288 663 1349 iniciati
684 1291 818 1369 praelati.
858 1287 958 1349 blitras
986 1288 1154 1368 deponunt,
1173 1287 1287 1368 pedum
1310 1290 1466 1371 pastorale

144 1399 221 1455 inter
235 1414 337 1454 manus
350 1403 419 1453 ante
437 1402 542 1473 peetus
564 1400 676 1453 tenent.
717 1391 820 1471 Neque
836 1391 1021 1451 iniucnndum
1041 1399 1090 1451 est
1103 1390 1262 1452 attendere
1277 1392 1319 1453 ed
1338 1396 1466 1474 prist·

144 1496 408 1574 consuetudinem,
428 1514 466 1555 ex
481 1512 536 1574 qua
551 1495 704 1553 interiora
724 1503 753 1551 et
767 1493 925 1571 dignitates
939 1492 1130 1572 imperatoris
1143 1502 1207 1553 erat
1229 1512 1286 1571 ea,
1305 1494 1428 1558 Romae
1440 1498 1465 1557 in

144 1604 231 1661 missa
261 1600 359 1679 papali
379 1598 535 1659 decantare
552 1594 756 1672 Evangelium.
792 1596 855 1657 lloc
875 1597 947 1656 lecit
970 1615 998 1655 e.
1012 1615 1042 1672 g.
1058 1594 1259 1673 CaroluslV.,
1283 1596 1351 1659 boc
1376 1601 1466 1676 Sipia·

143 1703 279 1777 mundns,
301 1701 378 1762 idem
396 1711 427 1762 et
444 1700 562 1760 ultimus
580 1698 714 1778 quidem,
734 1699 789 1757 nisi
803 1698 892 1759 lallor
905 1698 1073 1759 Fridericas
1093 1700 1216 1775 tertius,
1234 1698 1294 1760 sed
1316 1701 1352 1761 in
1368 1703 1465 1763 cilicio

141 1807 294 1867 matutino.
326 1803 458 1865 lacobus
479 1801 638 1881 Pupienus
651 1801 712 1861 l'lt.
726 1819 756 1880 p.
769 1796 842 1863 433.
867 1833 904 1842 -
930 1834 968 1843 —
985 1799 1023 1860 lo
1039 1818 1076 1860 eo
1096 1797 1216 1860 Caesar
1235 1806 1370 1864 uenmto
1389 1804 1466 1865 sedis

140 1898 202 1969 n‘t'u
215 1925 288 1969 ense
301 1906 339 1966 de
353 1924 445 1967 mauu
458 1906 524 1965 eius
536 1922 604 1965 euru
618 1902 820 1963 benedictione
833 1909 968 1981 accepto,
982 1901 1091 1981 ilioque
1106 1908 1141 1962 ut
1152 1910 1222 1963 erat
1235 1902 1361 1984 turdus,
1378 1908 1463 1967 amri·

139 2028 214 2090 pero
227 2009 363 2070 adstanti
375 2009 504 2069 tradito:
529 2007 626 2067 camis
646 2025 714 2065 eum
734 2005 900 2085 stolamque
917 2004 1019 2065 olbam
1032 2012 1062 2065 et
1070 2004 1205 2083 pluviale
1215 2007 1465 2070 ministrantibus

141 2112 281 2174 dacum
292 2110 513 2187 cardinalibus,
534 2109 660 2169 mmsit:
685 2109 847 2188 ordeuqm
862 2109 929 2170 eires
946 2107 1028 2168 lotus
1040 2107 1250 2171 claudentibus
1262 2108 1466 2193 mamea„

142 2215 279 2277 lectiouir
291 2214 436 2293 septimae
448 2230 508 2273 ooo
529 2211 689 2272 iniucunda
701 2212 852 2289 certarit,
871 2211 1025 2273 lectionem
1036 2211 1136 2289 ipsam
1152 2229 1262 2273 eorum
1281 2213 1385 2277 alteri
1399 2232 1463 2295 pro

141 2316 518 2398 sequendam-relinquens.
543 2312 834 2375 Admouueratiuter
846 2314 1030 2376 eestmodum
1040 2314 1298 2376 caerimoniarum
1306 2320 1462 2399 mapister,

141 2428 176 2483 ut
193 2429 404 2482 uamoersam
420 2418 529 2479 stolam
547 2424 576 2477 et
589 2417 724 2495 pluviale
744 2417 787 2477 ad
804 2418 961 2478 sinistram
979 2423 1118 2495 opertum
1137 2417 1305 2497 acciperet.
1348 2420 1464 2483 Scdille

142 2523 203 2600 (me
216 2524 356 2585 audiente
378 2522 431 2602 qui
438 2522 599 2600 promimus
611 2520 711 2599 eram)
733 2537 794 2581 troo
810 2519 927 2598 sociam
939 2520 1035 2599 iuquit
1054 2526 1084 2581 et
1101 2526 1264 2599 utrumque
1284 2539 1309 2583 a
1331 2524 1412 2587 codo
1429 2525 1464 2587 ad

137 2635 246 2706 pectem
265 2635 380 2687 rectum
399 2624 537 2704 indueus,
556 2640 782 2701 conversusque
800 2623 844 2684 od
855 2623 1052 2703 mapistmtm:
1077 2624 1123 2683 sic
1140 2622 1237 2702 iuquit
1255 2643 1388 2706 semper
1404 2645 1465 2689 eum

140 2731 246 2792 solitus
260 2740 318 2793 etc.
850 2781 857 2793 .

243 2833 281 2892 X.
306 2830 410 2892 Berua
423 2827 586 2908 Aupieusis
601 2831 629 2889 in
644 2830 721 2891 libro
736 2828 773 2890 de
788 2829 959 2911 quibusdam
974 2829 1062 2890 rebus
1075 2828 1111 2889 ad
1125 2828 1246 2891 illesam
1256 2833 1464 2909 spectantibus

143 2954 169 2995 c.
183 2930 214 2994 2.
232 2932 324 3008 (Bibl.
336 2933 394 2993 ΡΡ.
409 2931 514 2992 Goion.
531 2932 582 2994 Xl.
597 2951 627 3011 p.
642 2927 696 3007 52)
712 2942 827 3009 narrat,
849 2933 925 3012 quod
951 2924 1077 2993 moleste
1097 2932 1228 2993 tulerunt
1248 2936 1395 2997 nonnulli
1414 2936 1462 2996 riri

142 3037 222 3097 docti
237 3034 386 3097 Romanae
405 3034 550 3094 ccclesiae
564 3033 721 3116 adscripti:
752 3034 787 3094 Si
803 3035 871 3095 ideo
890 3039 925 3094 ut
946 3052 1040 3112 saepe
1059 3034 1170 3094 dotum
1187 3032 1273 3101 idum
1292 3036 1463 3115 anodiam

140 3139 280 3219 bpmrrum
294 3137 489 3217 prohibemur
505 3136 537 3195 io
554 3134 674 3214 festivis
693 3136 800 3196 diebus
818 3143 944 3198 cantare
964 3137 1008 3219 (p.
1023 3134 1081 3209 25)
1099 3154 1136 3197 eo
1155 3136 1238 3215 quod
1251 3137 1463 3203 Ronmanorum

137 3241 310 3319 presbytcri
321 3259 381 3300 ooo
393 3238 491 3299 soleut
502 3257 569 3298 cum
582 3256 701 3317 canere,
712 3258 878 3318 possumus
890 3238 980 3300 modii
990 3239 1077 3299 modo
1088 3236 1376 3322 postanupclium
1386 3260 1461 3325 epm·

142 3342 241 3403 bolum
253 3343 396 3419 reticere,
417 3340 498 3421 quod
509 3341 638 3402 domm
655 3358 750 3421 usque
766 3343 808 3402 ad
820 3342 895 3403 baec
908 3349 1044 3421 tempora
1056 3341 1145 3403 dicae
1158 3345 1329 3406 raemoriae
1343 3336 1464 3409 ocum

140 3445 333 3523 imperatoris
349 3444 531 3507 nullomodo
544 3444 735 3506 cecinerunt:
748 3445 805 3505 sed
817 3445 855 3505 ab
869 3446 973 3506 eodem
985 3446 1180 3525 iuterropati:
1193 3464 1251 3506 cur
1263 3448 1313 3508 ita
1326 3454 1461 3528 opereat,

140 3566 187 3607 me
200 3566 304 3608 coram
317 3549 478 3609 ossoteote
496 3547 601 3608 audiui
620 3566 674 3608 eos
692 3547 863 3608 huiusmodi
881 3566 1060 3628 responsum
1073 3548 1200 3609 reddere
1211 3546 1366 3628 uidelicet,
1385 3548 1465 3633 quod

140 3649 280 3711 Romana
298 3650 426 3712 ecelesia
450 3670 511 3711 ooo
535 3649 647 3729 suisset
666 3649 830 3730 aliquando
857 3650 919 3711 ulla
945 3650 1109 3712 haereseos
1131 3649 1221 3729 faece
1244 3648 1384 3731 insecta,
1411 3648 1464 3715 sed

140 3752 304 3812 secundum
324 3751 354 3816 S.
368 3752 450 3814 Petri
466 3753 632 3814 doctrinam
650 3753 850 3814 insoliditate
871 3750 1043 3815 Catholicae
1066 3753 1139 3832 fidei
1154 3768 1342 3832 permonere
1360 3755 1462 3818 maor

140 3872 235 3915 cussa
252 3861 282 3915 et
299 3854 367 3916 ideo
386 3856 482 3934 mapis
501 3855 547 3916 bis
565 3856 772 3917 necessarium
790 3855 952 3918 esse-illud
967 3855 1133 3935 symbolum
1151 3855 1278 3934 saepius
1297 3856 1464 3920 mutanda

137 3955 344 4036 frequentare,
359 3958 412 4036 qui
422 3958 584 4037 aliquando
597 3959 661 4020 ulta
674 3958 797 4020 haeresi
811 3966 975 4037 potueruut
987 3958 1144 4020 mamilae-i.
1183 3952 1394 4021 At'Domiuus
1405 3954 1462 4023 lue

135 4067 266 4139 perator
283 4077 345 4121 uon
362 4068 432 4121 ante
451 4061 556 4138 desiit,
576 4080 668 4140 quam
688 4063 818 4123 omnium
838 4080 988 4123 eorueosu
1007 4078 1029 4122 a
1046 4061 1175 4124 Domino
1195 4059 1366 4125 Benedicta
1380 4060 1462 4143 Apo·

137 4162 241 4224 stolico
257 4163 380 4241 (octavo
395 4164 480 4225 buius
499 4167 634 4240 nominis,
650 4182 726 4226 anuo
740 4164 853 4241 mxlv>
864 4165 1036 4243 persuasit,
1056 4172 1090 4224 ut
1108 4164 1152 4225 ad
1164 4161 1322 4242 pedicam
1333 4165 1463 4228 mssa·

138 4262 212 4324 alliud
224 4267 429 4327 decumarum.
472 4265 533 4326 Sed
551 4273 653 4325 rutrum
674 4260 1016 4328 baoe‘coosuetudinem
1033 4272 1155 4327 servem
1174 4264 1276 4327 adbuc
1296 4266 1463 4348 affirmare

139 4382 201 4425 uon
210 4382 387 4447 possumus,
407 4369 480 4448 quia
494 4374 609 4428 certum
621 4385 682 4428 uon
695 4373 837 4434 tenemus,
876 4368 948 4431 ilina
964 4371 1150 4447 excogitavit
1163 4366 1320 4461 Marteuc,
1340 4381 1375 4434 ut
1388 4374 1464 4436 bauo

141 4460 1465 4559 symbolinegligentiam,turpematqueignominiosam,ptipatabat,allomanaeccletie
1498 4456 1502 4463 Ι

140 4580 308 4633 averteret:
329 4573 479 4635 Romanos
497 4573 667 4650 Symbolum
684 4575 715 4633 in
736 4573 827 4636 llissa
846 4594 993 4656 nunquam
1010 4585 1164 4654 cantasse,
1184 4593 1311 4656 semper
1333 4576 1467 4659 legisse,
