<?xml version="1.0" encoding="UTF-8"?>
<!DOCTYPE html PUBLIC "-//W3C//DTD XHTML 1.0 Transitional//EN"
    "http://www.w3.org/TR/xhtml1/DTD/xhtml1-transitional.dtd">
<html xmlns="http://www.w3.org/1999/xhtml" xml:lang="en" lang="en">
 <head>
  <title>
</title>
<meta http-equiv="Content-Type" content="text/html;charset=utf-8" />
  <meta name='ocr-system' content='tesseract 3.04.00' />
  <meta name='ocr-capabilities' content='ocr_page ocr_carea ocr_par ocr_line ocrx_word'/>
</head>
<body>
  <div class='ocr_page' id='page_1' title='image "./codexliturgicus02danigoog_0166.png"; bbox 0 0 3202 5176; ppageno 0'>
   <div class='ocr_carea' id='block_1_1' title="bbox 719 334 972 420">
    <p class='ocr_par' dir='ltr' id='par_1_1' title="bbox 719 334 972 420">
     <span class='ocr_line' id='line_1_1' title="bbox 719 334 972 420; baseline 0 -2"><span class='ocrx_word' id='word_1_1' title='bbox 719 334 854 420; x_wconf 82' lang='lat' dir='ltr'><strong><em>·1st&#39;</em></strong></span> <span class='ocrx_word' id='word_1_2' title='bbox 966 334 972 343; x_wconf 47' lang='lat'>⁵</span> 
     </span>
    </p>
   </div>
   <div class='ocr_carea' id='block_1_2' title="bbox 136 534 1456 2156">
    <p class='ocr_par' dir='ltr' id='par_1_2' title="bbox 136 534 1456 2156">
     <span class='ocr_line' id='line_1_2' title="bbox 138 534 1451 622; baseline -0.002 -16"><span class='ocrx_word' id='word_1_3' title='bbox 138 541 362 622; x_wconf 74' lang='lat' dir='ltr'><strong><em>Praefatioaem</em></strong></span> <span class='ocrx_word' id='word_1_4' title='bbox 370 547 398 604; x_wconf 89' lang='lat' dir='ltr'><strong><em>ct</em></strong></span> <span class='ocrx_word' id='word_1_5' title='bbox 406 534 558 603; x_wconf 85' lang='lat' dir='ltr'><strong><em>Cononem</em></strong></span> <span class='ocrx_word' id='word_1_6' title='bbox 567 540 600 602; x_wconf 88' lang='lat' dir='ltr'><strong><em>io</em></strong></span> <span class='ocrx_word' id='word_1_7' title='bbox 608 537 1026 620; x_wconf 77' lang='lat' dir='ltr'><strong><em>plerisqueSocromcutora&#39;is</em></strong></span> <span class='ocrx_word' id='word_1_8' title='bbox 1036 538 1135 620; x_wconf 73' lang='lat' dir='ltr'><strong><em>bnopo</em></strong></span> <span class='ocrx_word' id='word_1_9' title='bbox 1148 535 1262 602; x_wconf 77' lang='lat' dir='ltr'><strong><em>Christi</em></strong></span> <span class='ocrx_word' id='word_1_10' title='bbox 1272 539 1451 620; x_wconf 71' lang='lat' dir='ltr'><strong><em>stephanitae,</em></strong></span> 
     </span>
     <span class='ocr_line' id='line_1_3' title="bbox 139 636 1453 722; baseline -0.002 -14"><span class='ocrx_word' id='word_1_11' title='bbox 139 654 174 708; x_wconf 87' lang='lat' dir='ltr'><strong><em>ut</em></strong></span> <span class='ocrx_word' id='word_1_12' title='bbox 191 665 252 708; x_wconf 84' lang='lat' dir='ltr'><strong><em>non</em></strong></span> <span class='ocrx_word' id='word_1_13' title='bbox 266 645 367 708; x_wconf 80' lang='lat' dir='ltr'><strong><em>‘solum</em></strong></span> <span class='ocrx_word' id='word_1_14' title='bbox 385 643 550 706; x_wconf 82' lang='lat' dir='ltr'><strong><em>intellectus</em></strong></span> <span class='ocrx_word' id='word_1_15' title='bbox 571 643 696 722; x_wconf 84' lang='lat' dir='ltr'><strong><em>literae,</em></strong></span> <span class='ocrx_word' id='word_1_16' title='bbox 714 660 820 704; x_wconf 87' lang='lat' dir='ltr'><strong><em>cerum</em></strong></span> <span class='ocrx_word' id='word_1_17' title='bbox 840 644 930 709; x_wconf 78' lang='lat' dir='ltr'><strong><em>ctione</em></strong></span> <span class='ocrx_word' id='word_1_18' title='bbox 942 643 1105 721; x_wconf 82' lang='lat' dir='ltr'><strong><em>adspectus</em></strong></span> <span class='ocrx_word' id='word_1_19' title='bbox 1123 644 1263 721; x_wconf 77' lang='lat' dir='ltr'><strong><em>picturae</em></strong></span> <span class='ocrx_word' id='word_1_20' title='bbox 1278 636 1453 712; x_wconf 75' lang='lat' dir='ltr'><strong><em>manerium</em></strong></span> 
     </span>
     <span class='ocr_line' id='line_1_4' title="bbox 139 741 1455 826; baseline -0.003 -15"><span class='ocrx_word' id='word_1_21' title='bbox 139 749 307 811; x_wconf 75' lang='lat' dir='ltr'><strong><em>dominicae</em></strong></span> <span class='ocrx_word' id='word_1_22' title='bbox 319 746 476 826; x_wconf 73' lang='lat' dir='ltr'><em>passionis</em></span> <span class='ocrx_word' id='word_1_23' title='bbox 488 747 624 825; x_wconf 85' lang='lat' dir='ltr'><strong><em>inspiret.</em></strong></span> <span class='ocrx_word' id='word_1_24' title='bbox 663 743 703 808; x_wconf 83' lang='lat' dir='ltr'><strong><em>Et</em></strong></span> <span class='ocrx_word' id='word_1_25' title='bbox 717 741 799 824; x_wconf 79' lang='lat' dir='ltr'><strong><em>forte</em></strong></span> <span class='ocrx_word' id='word_1_26' title='bbox 812 746 915 820; x_wconf 76' lang='lat' dir='ltr'><strong><em>divine</em></strong></span> <span class='ocrx_word' id='word_1_27' title='bbox 925 743 1043 824; x_wconf 77' lang='lat' dir='ltr'><strong><em>sectum</em></strong></span> <span class='ocrx_word' id='word_1_28' title='bbox 1057 752 1103 807; x_wconf 83' lang='lat' dir='ltr'><strong><em>est</em></strong></span> <span class='ocrx_word' id='word_1_29' title='bbox 1116 747 1318 825; x_wconf 74' lang='lat' dir='ltr'><strong><em>providentio,</em></strong></span> <span class='ocrx_word' id='word_1_30' title='bbox 1332 746 1400 808; x_wconf 87' lang='lat' dir='ltr'><strong><em>licet</em></strong></span> <span class='ocrx_word' id='word_1_31' title='bbox 1412 746 1455 807; x_wconf 84' lang='lat' dir='ltr'><strong><em>sit</em></strong></span> 
     </span>
     <span class='ocr_line' id='line_1_5' title="bbox 139 833 1454 929; baseline -0.002 -17"><span class='ocrx_word' id='word_1_32' title='bbox 139 851 272 912; x_wconf 82' lang='lat' dir='ltr'><strong><em>homone</em></strong></span> <span class='ocrx_word' id='word_1_33' title='bbox 290 850 440 912; x_wconf 76' lang='lat' dir='ltr'><strong><em>industn&#39;o</em></strong></span> <span class='ocrx_word' id='word_1_34' title='bbox 453 854 664 929; x_wconf 82' lang='lat' dir='ltr'><strong><em>procuratum,</em></strong></span> <span class='ocrx_word' id='word_1_35' title='bbox 677 854 711 910; x_wconf 88' lang='lat' dir='ltr'><strong><em>ut</em></strong></span> <span class='ocrx_word' id='word_1_36' title='bbox 728 847 768 910; x_wconf 86' lang='lat' dir='ltr'><strong><em>ab</em></strong></span> <span class='ocrx_word' id='word_1_37' title='bbox 780 866 819 910; x_wconf 88' lang='lat' dir='ltr'><strong><em>eo</em></strong></span> <span class='ocrx_word' id='word_1_38' title='bbox 831 847 919 910; x_wconf 68' lang='lat' dir='ltr'><strong><em>itero</em></strong></span> <span class='ocrx_word' id='word_1_39' title='bbox 933 846 990 926; x_wconf 81' lang='grc' dir='ltr'><strong><em>(Τ)</em></strong></span> <span class='ocrx_word' id='word_1_40' title='bbox 1002 845 1107 910; x_wconf 76' lang='lat' dir='ltr'><strong><em>Coacon</em></strong></span> <span class='ocrx_word' id='word_1_41' title='bbox 1125 833 1278 928; x_wconf 81' lang='lat' dir='ltr'><strong><em>inciperet,</em></strong></span> <span class='ocrx_word' id='word_1_42' title='bbox 1302 841 1380 928; x_wconf 81' lang='lat' dir='ltr'><strong><em>qooc</em></strong></span> <span class='ocrx_word' id='word_1_43' title='bbox 1393 866 1454 910; x_wconf 85' lang='lat' dir='ltr'><strong><em>suo</em></strong></span> 
     </span>
     <span class='ocr_line' id='line_1_6' title="bbox 136 950 1453 1032; baseline -0.002 -17"><span class='ocrx_word' id='word_1_44' title='bbox 136 952 240 1032; x_wconf 70' lang='lat' dir='ltr'><strong><em>somno</em></strong></span> <span class='ocrx_word' id='word_1_45' title='bbox 260 953 377 1032; x_wconf 55' lang='lat' dir='ltr'><strong><em>mum</em></strong></span> <span class='ocrx_word' id='word_1_46' title='bbox 396 953 497 1014; x_wconf 72' lang='lat' dir='ltr'><strong><em>mods</em></strong></span> <span class='ocrx_word' id='word_1_47' title='bbox 515 951 644 1013; x_wconf 75' lang='lat' dir='ltr'><strong><em>ostendit</em></strong></span> <span class='ocrx_word' id='word_1_48' title='bbox 662 957 692 1012; x_wconf 90' lang='lat' dir='ltr'><strong><em>et</em></strong></span> <span class='ocrx_word' id='word_1_49' title='bbox 714 950 857 1030; x_wconf 78' lang='lat' dir='ltr'><strong><em>e‘cpaa&#39;mit</em></strong></span> <span class='ocrx_word' id='word_1_50' title='bbox 875 951 907 1011; x_wconf 88' lang='lat' dir='ltr'><strong><em>in</em></strong></span> <span class='ocrx_word' id='word_1_51' title='bbox 924 951 1035 1030; x_wconf 69' lang='lat' dir='ltr'><strong><em>figure.</em></strong></span> <span class='ocrx_word' id='word_1_52' title='bbox 1070 952 1174 1014; x_wconf 83' lang='lat' dir='ltr'><strong><em>Solent</em></strong></span> <span class='ocrx_word' id='word_1_53' title='bbox 1194 962 1291 1013; x_wconf 88' lang='lat' dir='ltr'><strong><em>autem</em></strong></span> <span class='ocrx_word' id='word_1_54' title='bbox 1309 953 1453 1028; x_wconf 75' lang='lat' dir='ltr'>imagines</span> 
     </span>
     <span class='ocr_line' id='line_1_7' title="bbox 140 1054 1452 1137; baseline -0.002 -20"><span class='ocrx_word' id='word_1_55' title='bbox 140 1057 208 1118; x_wconf 88' lang='lat' dir='ltr'><strong><em>illae</em></strong></span> <span class='ocrx_word' id='word_1_56' title='bbox 223 1057 301 1118; x_wconf 90' lang='lat' dir='ltr'><strong><em>circa</em></strong></span> <span class='ocrx_word' id='word_1_57' title='bbox 311 1056 409 1137; x_wconf 88' lang='lat' dir='ltr'><strong><em>pedes</em></strong></span> <span class='ocrx_word' id='word_1_58' title='bbox 425 1074 494 1117; x_wconf 89' lang='lat' dir='ltr'><strong><em>esse</em></strong></span> <span class='ocrx_word' id='word_1_59' title='bbox 507 1055 666 1117; x_wconf 77' lang='lat' dir='ltr'><strong>maculatae</strong></span> <span class='ocrx_word' id='word_1_60' title='bbox 680 1064 768 1135; x_wconf 88' lang='lat' dir='ltr'><strong><em>atque</em></strong></span> <span class='ocrx_word' id='word_1_61' title='bbox 781 1055 917 1117; x_wconf 89' lang='lat' dir='ltr'><strong><em>detersus</em></strong></span> <span class='ocrx_word' id='word_1_62' title='bbox 933 1064 978 1115; x_wconf 89' lang='lat' dir='ltr'><strong><em>est</em></strong></span> <span class='ocrx_word' id='word_1_63' title='bbox 989 1054 1167 1134; x_wconf 88' lang='lat' dir='ltr'><strong><em>aliquantum</em></strong></span> <span class='ocrx_word' id='word_1_64' title='bbox 1183 1055 1267 1116; x_wconf 92' lang='lat' dir='ltr'><strong><em>color</em></strong></span> <span class='ocrx_word' id='word_1_65' title='bbox 1281 1073 1319 1114; x_wconf 87' lang='lat' dir='ltr'><strong><em>ex</em></strong></span> <span class='ocrx_word' id='word_1_66' title='bbox 1333 1054 1452 1126; x_wconf 79' lang='lat' dir='ltr'><strong><em>osculo:</em></strong></span> 
     </span>
     <span class='ocr_line' id='line_1_8' title="bbox 141 1156 1455 1238; baseline -0.002 -19"><span class='ocrx_word' id='word_1_67' title='bbox 141 1178 207 1220; x_wconf 89' lang='lat' dir='ltr'><strong><em>nam</em></strong></span> <span class='ocrx_word' id='word_1_68' title='bbox 222 1168 253 1219; x_wconf 91' lang='lat' dir='ltr'><strong><em>ut</em></strong></span> <span class='ocrx_word' id='word_1_69' title='bbox 266 1179 344 1221; x_wconf 88' lang='lat' dir='ltr'><strong><em>nunc</em></strong></span> <span class='ocrx_word' id='word_1_70' title='bbox 358 1158 528 1220; x_wconf 80' lang='lat' dir='ltr'><strong><em>osculantur</em></strong></span> <span class='ocrx_word' id='word_1_71' title='bbox 541 1159 570 1218; x_wconf 90' lang='lat' dir='ltr'><strong><em>in</em></strong></span> <span class='ocrx_word' id='word_1_72' title='bbox 585 1159 733 1238; x_wconf 88' lang='lat' dir='ltr'><strong><em>principio</em></strong></span> <span class='ocrx_word' id='word_1_73' title='bbox 742 1157 870 1219; x_wconf 88' lang='lat' dir='ltr'><strong><em>Canouis</em></strong></span> <span class='ocrx_word' id='word_1_74' title='bbox 885 1156 988 1234; x_wconf 89' lang='lat' dir='ltr'><strong><em>altare,</em></strong></span> <span class='ocrx_word' id='word_1_75' title='bbox 1000 1165 1059 1216; x_wconf 88' lang='lat' dir='ltr'><strong><em>tum</em></strong></span> <span class='ocrx_word' id='word_1_76' title='bbox 1074 1157 1283 1219; x_wconf 79' lang='lat' dir='ltr'><strong><em>osculabantur</em></strong></span> <span class='ocrx_word' id='word_1_77' title='bbox 1295 1158 1455 1234; x_wconf 80' lang='lat' dir='ltr'><strong><em>imaginem</em></strong></span> 
     </span>
     <span class='ocr_line' id='line_1_9' title="bbox 141 1252 1453 1339; baseline -0.002 -17"><span class='ocrx_word' id='word_1_78' title='bbox 141 1262 284 1324; x_wconf 76' lang='lat' dir='ltr'><strong><em>crucifixi.</em></strong></span> <span class='ocrx_word' id='word_1_79' title='bbox 318 1259 483 1321; x_wconf 83' lang='lat' dir='ltr'><strong><em>Gerbcrtus</em></strong></span> <span class='ocrx_word' id='word_1_80' title='bbox 496 1260 564 1321; x_wconf 92' lang='lat' dir='ltr'><strong><em>talia</em></strong></span> <span class='ocrx_word' id='word_1_81' title='bbox 579 1260 749 1322; x_wconf 89' lang='lat' dir='ltr'><strong><em>osculorum</em></strong></span> <span class='ocrx_word' id='word_1_82' title='bbox 767 1252 894 1339; x_wconf 80' lang='lat' dir='ltr'><strong><em>vestigia</em></strong></span> <span class='ocrx_word' id='word_1_83' title='bbox 908 1259 1079 1322; x_wconf 79' lang='lat' dir='ltr'><strong><em>observavit</em></strong></span> <span class='ocrx_word' id='word_1_84' title='bbox 1093 1260 1187 1321; x_wconf 92' lang='lat' dir='ltr'><strong><em>adhuc</em></strong></span> <span class='ocrx_word' id='word_1_85' title='bbox 1201 1261 1231 1320; x_wconf 88' lang='lat' dir='ltr'><strong><em>iu</em></strong></span> <span class='ocrx_word' id='word_1_86' title='bbox 1245 1258 1358 1320; x_wconf 87' lang='lat' dir='ltr'><strong><em>blissali</em></strong></span> <span class='ocrx_word' id='word_1_87' title='bbox 1377 1254 1453 1326; x_wconf 87' lang='lat' dir='ltr'><strong><em>Con·</em></strong></span> 
     </span>
     <span class='ocr_line' id='line_1_10' title="bbox 140 1354 1456 1443; baseline -0.003 -20"><span class='ocrx_word' id='word_1_88' title='bbox 140 1366 294 1425; x_wconf 91' lang='lat' dir='ltr'><strong><em>stantiensi</em></strong></span> <span class='ocrx_word' id='word_1_89' title='bbox 314 1365 458 1443; x_wconf 92' lang='lat' dir='ltr'><strong><em>impresso</em></strong></span> <span class='ocrx_word' id='word_1_90' title='bbox 478 1381 556 1424; x_wconf 91' lang='lat' dir='ltr'><strong><em>saec.</em></strong></span> <span class='ocrx_word' id='word_1_91' title='bbox 575 1362 651 1441; x_wconf 79' lang='lat' dir='ltr'><strong><em>XV,</em></strong></span> <span class='ocrx_word' id='word_1_92' title='bbox 675 1363 860 1423; x_wconf 85' lang='lat' dir='ltr'><strong><em>Ointerimius</em></strong></span> <span class='ocrx_word' id='word_1_93' title='bbox 885 1364 915 1423; x_wconf 92' lang='lat' dir='ltr'><strong><em>in</em></strong></span> <span class='ocrx_word' id='word_1_94' title='bbox 935 1361 1045 1423; x_wconf 89' lang='lat' dir='ltr'><strong><em>blissali</em></strong></span> <span class='ocrx_word' id='word_1_95' title='bbox 1072 1360 1245 1423; x_wconf 81' lang='lat' dir='ltr'><strong><em>Coloniensi</em></strong></span> <span class='ocrx_word' id='word_1_96' title='bbox 1269 1378 1347 1421; x_wconf 89' lang='lat' dir='ltr'><strong><em>sono</em></strong></span> <span class='ocrx_word' id='word_1_97' title='bbox 1369 1354 1456 1420; x_wconf 84' lang='lat'>1514</span> 
     </span>
     <span class='ocr_line' id='line_1_11' title="bbox 140 1459 1456 1545; baseline -0.001 -20"><span class='ocrx_word' id='word_1_98' title='bbox 140 1485 256 1526; x_wconf 86' lang='lat' dir='ltr'><strong><em>recuso.</em></strong></span> <span class='ocrx_word' id='word_1_99' title='bbox 296 1464 330 1527; x_wconf 88' lang='lat' dir='ltr'><strong><em>ln</em></strong></span> <span class='ocrx_word' id='word_1_100' title='bbox 349 1465 461 1527; x_wconf 84' lang='lat' dir='ltr'><strong><em>blissali</em></strong></span> <span class='ocrx_word' id='word_1_101' title='bbox 483 1465 675 1526; x_wconf 86' lang='lat' dir='ltr'><strong><em>Eremitarum</em></strong></span> <span class='ocrx_word' id='word_1_102' title='bbox 699 1467 730 1528; x_wconf 90' lang='lat' dir='ltr'><strong><em>S.</em></strong></span> <span class='ocrx_word' id='word_1_103' title='bbox 744 1465 901 1542; x_wconf 79' lang='lat' dir='ltr'><strong><em>Augustini</em></strong></span> <span class='ocrx_word' id='word_1_104' title='bbox 922 1463 1056 1525; x_wconf 89' lang='lat' dir='ltr'><strong><em>Venetiis</em></strong></span> <span class='ocrx_word' id='word_1_105' title='bbox 1076 1465 1222 1545; x_wconf 90' lang='lat' dir='ltr'><strong><em>impresso</em></strong></span> <span class='ocrx_word' id='word_1_106' title='bbox 1245 1459 1345 1541; x_wconf 83' lang='lat'><strong><em>1497,</em></strong></span> <span class='ocrx_word' id='word_1_107' title='bbox 1374 1461 1456 1543; x_wconf 85' lang='lat' dir='ltr'><strong><em>quod</em></strong></span> 
     </span>
     <span class='ocr_line' id='line_1_12' title="bbox 140 1564 1456 1647; baseline -0.002 -19"><span class='ocrx_word' id='word_1_108' title='bbox 140 1566 210 1628; x_wconf 86' lang='lat' dir='ltr'><strong><em>mihi</em></strong></span> <span class='ocrx_word' id='word_1_109' title='bbox 237 1567 274 1629; x_wconf 90' lang='lat' dir='ltr'><strong><em>ad</em></strong></span> <span class='ocrx_word' id='word_1_110' title='bbox 302 1587 404 1628; x_wconf 88' lang='lat' dir='ltr'><strong><em>manus</em></strong></span> <span class='ocrx_word' id='word_1_111' title='bbox 432 1577 494 1645; x_wconf 82' lang='lat' dir='ltr'><strong><em>est,</em></strong></span> <span class='ocrx_word' id='word_1_112' title='bbox 522 1569 684 1647; x_wconf 88' lang='lat' dir='ltr'><strong><em>praemissa</em></strong></span> <span class='ocrx_word' id='word_1_113' title='bbox 703 1575 748 1627; x_wconf 88' lang='lat' dir='ltr'><strong><em>est</em></strong></span> <span class='ocrx_word' id='word_1_114' title='bbox 770 1565 881 1628; x_wconf 84' lang='lat' dir='ltr'><strong><em>Caroni</em></strong></span> <span class='ocrx_word' id='word_1_115' title='bbox 900 1568 1015 1646; x_wconf 88' lang='lat' dir='ltr'><strong><em>pictura</em></strong></span> <span class='ocrx_word' id='word_1_116' title='bbox 1036 1585 1053 1629; x_wconf 93' lang='lat' dir='ltr'><strong><em>a</em></strong></span> <span class='ocrx_word' id='word_1_117' title='bbox 1074 1568 1224 1629; x_wconf 88' lang='lat' dir='ltr'><strong><em>consuetis</em></strong></span> <span class='ocrx_word' id='word_1_118' title='bbox 1245 1564 1456 1646; x_wconf 87' lang='lat' dir='ltr'><strong><em>aliquantulum</em></strong></span> 
     </span>
     <span class='ocr_line' id='line_1_13' title="bbox 140 1667 1456 1748; baseline -0.001 -18"><span class='ocrx_word' id='word_1_119' title='bbox 140 1669 268 1731; x_wconf 87' lang='lat' dir='ltr'><strong><em>diversa.</em></strong></span> <span class='ocrx_word' id='word_1_120' title='bbox 302 1669 519 1748; x_wconf 78' lang='lat' dir='ltr'><strong><em>Repraesentat</em></strong></span> <span class='ocrx_word' id='word_1_121' title='bbox 541 1669 672 1746; x_wconf 85' lang='lat' dir='ltr'><strong><em>elligiem</em></strong></span> <span class='ocrx_word' id='word_1_122' title='bbox 690 1668 846 1729; x_wconf 88' lang='lat' dir='ltr'><strong><em>salvatoris</em></strong></span> <span class='ocrx_word' id='word_1_123' title='bbox 866 1669 948 1728; x_wconf 88' lang='lat' dir='ltr'><strong><em>cruci</em></strong></span> <span class='ocrx_word' id='word_1_124' title='bbox 965 1668 1046 1728; x_wconf 82' lang='lat' dir='ltr'><strong><em>affixi</em></strong></span> <span class='ocrx_word' id='word_1_125' title='bbox 1064 1688 1128 1728; x_wconf 90' lang='lat' dir='ltr'><strong><em>cum</em></strong></span> <span class='ocrx_word' id='word_1_126' title='bbox 1151 1669 1245 1728; x_wconf 88' lang='lat' dir='ltr'><strong><em>tribus</em></strong></span> <span class='ocrx_word' id='word_1_127' title='bbox 1268 1667 1400 1728; x_wconf 83' lang='lat' dir='ltr'><strong><em>clavibus</em></strong></span> <span class='ocrx_word' id='word_1_128' title='bbox 1420 1685 1456 1729; x_wconf 90' lang='lat' dir='ltr'><strong><em>ac</em></strong></span> 
     </span>
     <span class='ocr_line' id='line_1_14' title="bbox 139 1768 1455 1851; baseline -0.004 -19"><span class='ocrx_word' id='word_1_129' title='bbox 139 1773 306 1851; x_wconf 82' lang='lat' dir='ltr'><strong><em>perizonio.</em></strong></span> <span class='ocrx_word' id='word_1_130' title='bbox 347 1770 400 1832; x_wconf 89' lang='lat' dir='ltr'><strong><em>Sol</em></strong></span> <span class='ocrx_word' id='word_1_131' title='bbox 416 1771 539 1846; x_wconf 82' lang='lat' dir='ltr'><strong><em>etlam,</em></strong></span> <span class='ocrx_word' id='word_1_132' title='bbox 556 1771 589 1830; x_wconf 88' lang='lat' dir='ltr'><strong><em>in</em></strong></span> <span class='ocrx_word' id='word_1_133' title='bbox 606 1769 810 1849; x_wconf 87' lang='lat' dir='ltr'><strong><em>superioribas</em></strong></span> <span class='ocrx_word' id='word_1_134' title='bbox 829 1768 946 1830; x_wconf 91' lang='lat' dir='ltr'><strong><em>tabulae</em></strong></span> <span class='ocrx_word' id='word_1_135' title='bbox 960 1768 1076 1846; x_wconf 90' lang='lat' dir='ltr'><strong><em>angulis</em></strong></span> <span class='ocrx_word' id='word_1_136' title='bbox 1096 1771 1193 1849; x_wconf 89' lang='lat' dir='ltr'><strong><em>posita</em></strong></span> <span class='ocrx_word' id='word_1_137' title='bbox 1211 1770 1352 1828; x_wconf 87' lang='lat' dir='ltr'><strong><em>mirantur</em></strong></span> <span class='ocrx_word' id='word_1_138' title='bbox 1367 1768 1455 1828; x_wconf 86' lang='lat' dir='ltr'><strong><em>hlium</em></strong></span> 
     </span>
     <span class='ocr_line' id='line_1_15' title="bbox 139 1869 1455 1953; baseline -0.003 -19"><span class='ocrx_word' id='word_1_139' title='bbox 139 1874 206 1934; x_wconf 86' lang='lat' dir='ltr'><strong><em>Dei.</em></strong></span> <span class='ocrx_word' id='word_1_140' title='bbox 225 1873 292 1934; x_wconf 87' lang='lat' dir='ltr'><strong><em>Ouo</em></strong></span> <span class='ocrx_word' id='word_1_141' title='bbox 306 1873 406 1951; x_wconf 86' lang='lat' dir='ltr'><strong><em>angeli</em></strong></span> <span class='ocrx_word' id='word_1_142' title='bbox 422 1874 573 1953; x_wconf 88' lang='lat' dir='ltr'><strong><em>excipiunt</em></strong></span> <span class='ocrx_word' id='word_1_143' title='bbox 586 1873 760 1950; x_wconf 86' lang='lat' dir='ltr'><strong><em>sanguinem</em></strong></span> <span class='ocrx_word' id='word_1_144' title='bbox 773 1870 987 1951; x_wconf 85' lang='lat' dir='ltr'><strong><em>redemptoris:</em></strong></span> <span class='ocrx_word' id='word_1_145' title='bbox 1007 1871 1082 1932; x_wconf 88' lang='lat' dir='ltr'><strong><em>alter</em></strong></span> <span class='ocrx_word' id='word_1_146' title='bbox 1096 1889 1182 1931; x_wconf 86' lang='lat' dir='ltr'><strong><em>unum</em></strong></span> <span class='ocrx_word' id='word_1_147' title='bbox 1199 1869 1319 1931; x_wconf 85' lang='lat' dir='ltr'><strong><em>calicem</em></strong></span> <span class='ocrx_word' id='word_1_148' title='bbox 1335 1869 1455 1931; x_wconf 90' lang='lat' dir='ltr'><strong><em>deaura-</em></strong></span> 
     </span>
     <span class='ocr_line' id='line_1_16' title="bbox 140 1973 1456 2053; baseline -0.002 -18"><span class='ocrx_word' id='word_1_149' title='bbox 140 1984 201 2036; x_wconf 88' lang='lat' dir='ltr'><strong><em>tum</em></strong></span> <span class='ocrx_word' id='word_1_150' title='bbox 215 1975 351 2037; x_wconf 86' lang='lat' dir='ltr'><strong><em>admovet</em></strong></span> <span class='ocrx_word' id='word_1_151' title='bbox 365 1977 512 2052; x_wconf 89' lang='lat' dir='ltr'><strong><em>sinistrae,</em></strong></span> <span class='ocrx_word' id='word_1_152' title='bbox 527 1975 602 2035; x_wconf 90' lang='lat' dir='ltr'><strong><em>alter</em></strong></span> <span class='ocrx_word' id='word_1_153' title='bbox 616 1975 730 2036; x_wconf 89' lang='lat' dir='ltr'><strong><em>duobus</em></strong></span> <span class='ocrx_word' id='word_1_154' title='bbox 745 1974 885 2035; x_wconf 88' lang='lat' dir='ltr'><strong><em>calicibas</em></strong></span> <span class='ocrx_word' id='word_1_155' title='bbox 900 1973 1043 2034; x_wconf 89' lang='lat' dir='ltr'><strong><em>similibus</em></strong></span> <span class='ocrx_word' id='word_1_156' title='bbox 1057 1974 1165 2053; x_wconf 88' lang='lat' dir='ltr'><strong><em>accipit</em></strong></span> <span class='ocrx_word' id='word_1_157' title='bbox 1179 1991 1314 2033; x_wconf 88' lang='lat' dir='ltr'><strong><em>cruorem</em></strong></span> <span class='ocrx_word' id='word_1_158' title='bbox 1332 1973 1456 2033; x_wconf 84' lang='lat' dir='ltr'><strong><em>dextrae</em></strong></span> 
     </span>
     <span class='ocr_line' id='line_1_17' title="bbox 139 2073 1454 2156; baseline 0 -18"><span class='ocrx_word' id='word_1_159' title='bbox 139 2096 174 2138; x_wconf 85' lang='lat' dir='ltr'><strong><em>ac</em></strong></span> <span class='ocrx_word' id='word_1_160' title='bbox 195 2078 305 2142; x_wconf 88' lang='lat' dir='ltr'><strong><em>lateris.</em></strong></span> <span class='ocrx_word' id='word_1_161' title='bbox 341 2078 424 2139; x_wconf 87' lang='lat' dir='ltr'><strong><em>luxta</em></strong></span> <span class='ocrx_word' id='word_1_162' title='bbox 447 2095 562 2138; x_wconf 91' lang='lat' dir='ltr'><strong><em>crucem</em></strong></span> <span class='ocrx_word' id='word_1_163' title='bbox 580 2075 671 2139; x_wconf 82' lang='lat' dir='ltr'><strong><em>Maria</em></strong></span> <span class='ocrx_word' id='word_1_164' title='bbox 689 2086 719 2138; x_wconf 90' lang='lat' dir='ltr'><strong><em>et</em></strong></span> <span class='ocrx_word' id='word_1_165' title='bbox 739 2076 881 2151; x_wconf 82' lang='lat' dir='ltr'><strong><em>loannes:</em></strong></span> <span class='ocrx_word' id='word_1_166' title='bbox 916 2094 1032 2137; x_wconf 89' lang='lat' dir='ltr'><strong><em>crucem</em></strong></span> <span class='ocrx_word' id='word_1_167' title='bbox 1057 2075 1244 2156; x_wconf 87' lang='lat' dir='ltr'><strong><em>amplectitur</em></strong></span> <span class='ocrx_word' id='word_1_168' title='bbox 1264 2073 1454 2153; x_wconf 70' lang='lat' dir='ltr'><strong><em>‘llagdalena</em></strong></span> 
     </span>
    </p>
   </div>
   <div class='ocr_carea' id='block_1_3' title="bbox 140 2175 1544 2260">
    <p class='ocr_par' dir='ltr' id='par_1_3' title="bbox 140 2175 1544 2260">
     <span class='ocr_line' id='line_1_18' title="bbox 140 2175 1544 2260; baseline -0.001 -20"><span class='ocrx_word' id='word_1_169' title='bbox 140 2180 315 2241; x_wconf 92' lang='lat' dir='ltr'><strong><em>Osculorum</em></strong></span> <span class='ocrx_word' id='word_1_170' title='bbox 329 2181 447 2242; x_wconf 86' lang='lat' dir='ltr'><strong><em>sordem</em></strong></span> <span class='ocrx_word' id='word_1_171' title='bbox 462 2181 491 2241; x_wconf 89' lang='lat' dir='ltr'><strong><em>in</em></strong></span> <span class='ocrx_word' id='word_1_172' title='bbox 506 2181 634 2256; x_wconf 77' lang='lat' dir='ltr'><strong><em>imagine</em></strong></span> <span class='ocrx_word' id='word_1_173' title='bbox 650 2199 711 2242; x_wconf 89' lang='lat' dir='ltr'><strong><em>non</em></strong></span> <span class='ocrx_word' id='word_1_174' title='bbox 727 2179 925 2260; x_wconf 87' lang='lat' dir='ltr'><strong><em>deprehendi:</em></strong></span> <span class='ocrx_word' id='word_1_175' title='bbox 947 2180 1107 2259; x_wconf 88' lang='lat' dir='ltr'><strong><em>praecipue</em></strong></span> <span class='ocrx_word' id='word_1_176' title='bbox 1121 2177 1200 2259; x_wconf 86' lang='lat' dir='ltr'><strong><em>apud</em></strong></span> <span class='ocrx_word' id='word_1_177' title='bbox 1213 2175 1378 2240; x_wconf 78' lang='lat' dir='ltr'><strong><em>Germanos</em></strong></span> <span class='ocrx_word' id='word_1_178' title='bbox 1390 2195 1455 2239; x_wconf 90' lang='lat' dir='ltr'><strong><em>mos</em></strong></span> <span class='ocrx_word' id='word_1_179' title='bbox 1541 2223 1544 2226; x_wconf 58' lang='grc'><strong>«</strong></span> 
     </span>
    </p>
   </div>
   <div class='ocr_carea' id='block_1_4' title="bbox 138 2279 1559 3182">
    <p class='ocr_par' dir='ltr' id='par_1_4' title="bbox 138 2279 1559 2957">
     <span class='ocr_line' id='line_1_19' title="bbox 139 2279 1456 2358; baseline -0.002 -16"><span class='ocrx_word' id='word_1_180' title='bbox 139 2282 191 2343; x_wconf 88' lang='lat' dir='ltr'><strong><em>ille</em></strong></span> <span class='ocrx_word' id='word_1_181' title='bbox 218 2283 386 2358; x_wconf 77' lang='lat' dir='ltr'><strong><em>divulgatus</em></strong></span> <span class='ocrx_word' id='word_1_182' title='bbox 413 2284 507 2343; x_wconf 89' lang='lat' dir='ltr'><strong><em>luisse</em></strong></span> <span class='ocrx_word' id='word_1_183' title='bbox 534 2281 658 2344; x_wconf 83' lang='lat' dir='ltr'><strong><em>videtur.</em></strong></span> <span class='ocrx_word' id='word_1_184' title='bbox 703 2283 751 2344; x_wconf 85' lang='lat' dir='ltr'><strong><em>lta</em></strong></span> <span class='ocrx_word' id='word_1_185' title='bbox 770 2284 801 2342; x_wconf 88' lang='lat' dir='ltr'><strong><em>iu</em></strong></span> <span class='ocrx_word' id='word_1_186' title='bbox 822 2282 934 2343; x_wconf 86' lang='lat' dir='ltr'><strong><em>Ordine</em></strong></span> <span class='ocrx_word' id='word_1_187' title='bbox 956 2279 1129 2343; x_wconf 82' lang='lat' dir='ltr'><strong><em>Coloniensi</em></strong></span> <span class='ocrx_word' id='word_1_188' title='bbox 1149 2298 1229 2342; x_wconf 88' lang='lat' dir='ltr'><strong><em>saec.</em></strong></span> <span class='ocrx_word' id='word_1_189' title='bbox 1248 2279 1341 2342; x_wconf 89' lang='lat' dir='ltr'><strong><em>XlV.:</em></strong></span> <span class='ocrx_word' id='word_1_190' title='bbox 1373 2279 1456 2340; x_wconf 83' lang='lat' dir='ltr'><strong><em>Tuae</em></strong></span> 
     </span>
     <span class='ocr_line' id='line_1_20' title="bbox 139 2380 1456 2461; baseline -0.002 -16"><span class='ocrx_word' id='word_1_191' title='bbox 139 2384 291 2445; x_wconf 88' lang='lat' dir='ltr'><strong><em>osculatur</em></strong></span> <span class='ocrx_word' id='word_1_192' title='bbox 305 2384 397 2444; x_wconf 87' lang='lat' dir='ltr'><strong><em>altare</em></strong></span> <span class='ocrx_word' id='word_1_193' title='bbox 409 2392 439 2445; x_wconf 88' lang='lat' dir='ltr'><strong><em>et</em></strong></span> <span class='ocrx_word' id='word_1_194' title='bbox 454 2385 624 2445; x_wconf 83' lang='lat' dir='ltr'><strong><em>crucifixum</em></strong></span> <span class='ocrx_word' id='word_1_195' title='bbox 639 2384 756 2446; x_wconf 89' lang='lat' dir='ltr'><strong><em>dicens:</em></strong></span> <span class='ocrx_word' id='word_1_196' title='bbox 779 2380 899 2444; x_wconf 84' lang='lat' dir='ltr'><strong><em>Adiuoo</em></strong></span> <span class='ocrx_word' id='word_1_197' title='bbox 910 2381 1036 2446; x_wconf 80' lang='lat' dir='ltr'><strong><em>Domine</em></strong></span> <span class='ocrx_word' id='word_1_198' title='bbox 1045 2382 1249 2461; x_wconf 80' lang='lat' dir='ltr'><strong><em>infirmitatem</em></strong></span> <span class='ocrx_word' id='word_1_199' title='bbox 1262 2399 1368 2460; x_wconf 76' lang='lat' dir='ltr'><strong><em>mam,</em></strong></span> <span class='ocrx_word' id='word_1_200' title='bbox 1383 2382 1456 2461; x_wconf 77' lang='lat' dir='ltr'><strong><em>quio</em></strong></span> 
     </span>
     <span class='ocr_line' id='line_1_21' title="bbox 138 2465 1456 2563; baseline -0.001 -17"><span class='ocrx_word' id='word_1_201' title='bbox 138 2483 347 2563; x_wconf 77' lang='lat' dir='ltr'><strong><em>imperfectam</em></strong></span> <span class='ocrx_word' id='word_1_202' title='bbox 365 2503 461 2545; x_wconf 84' lang='lat' dir='ltr'><strong><em>mcum</em></strong></span> <span class='ocrx_word' id='word_1_203' title='bbox 481 2485 620 2544; x_wconf 85' lang='lat' dir='ltr'><strong><em>ciderunt</em></strong></span> <span class='ocrx_word' id='word_1_204' title='bbox 642 2485 723 2545; x_wconf 86' lang='lat' dir='ltr'><strong><em>oculi</em></strong></span> <span class='ocrx_word' id='word_1_205' title='bbox 740 2484 806 2546; x_wconf 84' lang='lat' dir='ltr'><strong><em>mci.</em></strong></span> <span class='ocrx_word' id='word_1_206' title='bbox 841 2486 948 2547; x_wconf 86' lang='lat' dir='ltr'><strong><em>Postea</em></strong></span> <span class='ocrx_word' id='word_1_207' title='bbox 969 2485 1095 2546; x_wconf 91' lang='lat' dir='ltr'><strong><em>ecclesia</em></strong></span> <span class='ocrx_word' id='word_1_208' title='bbox 1117 2486 1191 2546; x_wconf 88' lang='lat' dir='ltr'><strong><em>hanc</em></strong></span> <span class='ocrx_word' id='word_1_209' title='bbox 1212 2465 1456 2546; x_wconf 79' lang='lat' dir='ltr'><strong><em>cousuetudinem</em></strong></span> 
     </span>
     <span class='ocr_line' id='line_1_22' title="bbox 138 2585 1455 2670; baseline -0.001 -22"><span class='ocrx_word' id='word_1_210' title='bbox 138 2589 322 2668; x_wconf 84' lang='lat' dir='ltr'><strong><em>suppressit:</em></strong></span> <span class='ocrx_word' id='word_1_211' title='bbox 338 2597 504 2667; x_wconf 83' lang='lat' dir='ltr'><strong><em>expunctae</em></strong></span> <span class='ocrx_word' id='word_1_212' title='bbox 517 2595 585 2648; x_wconf 88' lang='lat' dir='ltr'><strong><em>sunt</em></strong></span> <span class='ocrx_word' id='word_1_213' title='bbox 596 2589 719 2667; x_wconf 90' lang='lat' dir='ltr'><strong><em>insuper</em></strong></span> <span class='ocrx_word' id='word_1_214' title='bbox 733 2587 869 2648; x_wconf 89' lang='lat' dir='ltr'><strong><em>diversae</em></strong></span> <span class='ocrx_word' id='word_1_215' title='bbox 883 2587 1096 2664; x_wconf 86' lang='lat' dir='ltr'><strong><em>oratiunculae,</em></strong></span> <span class='ocrx_word' id='word_1_216' title='bbox 1106 2604 1181 2670; x_wconf 88' lang='lat' dir='ltr'><strong><em>quae</em></strong></span> <span class='ocrx_word' id='word_1_217' title='bbox 1194 2586 1223 2646; x_wconf 90' lang='lat' dir='ltr'><strong><em>in</em></strong></span> <span class='ocrx_word' id='word_1_218' title='bbox 1238 2586 1363 2646; x_wconf 92' lang='lat' dir='ltr'><strong><em>diversis</em></strong></span> <span class='ocrx_word' id='word_1_219' title='bbox 1371 2585 1455 2647; x_wconf 89' lang='lat' dir='ltr'><strong><em>libris</em></strong></span> 
     </span>
     <span class='ocr_line' id='line_1_23' title="bbox 140 2688 1476 2769; baseline -0.004 -17"><span class='ocrx_word' id='word_1_220' title='bbox 140 2689 253 2752; x_wconf 88' lang='lat' dir='ltr'><strong><em>Cauoai</em></strong></span> <span class='ocrx_word' id='word_1_221' title='bbox 268 2692 502 2769; x_wconf 89' lang='lat' dir='ltr'><strong><em>praemittuntur.</em></strong></span> <span class='ocrx_word' id='word_1_222' title='bbox 542 2689 614 2751; x_wconf 90' lang='lat' dir='ltr'><strong><em>Nam</em></strong></span> <span class='ocrx_word' id='word_1_223' title='bbox 629 2700 659 2751; x_wconf 92' lang='lat' dir='ltr'><strong><em>ut</em></strong></span> <span class='ocrx_word' id='word_1_224' title='bbox 674 2691 774 2751; x_wconf 89' lang='lat' dir='ltr'><strong><em>Bonae</em></strong></span> <span class='ocrx_word' id='word_1_225' title='bbox 792 2688 852 2750; x_wconf 90' lang='lat' dir='ltr'><strong><em>hoo</em></strong></span> <span class='ocrx_word' id='word_1_226' title='bbox 868 2689 1078 2765; x_wconf 90' lang='lat' dir='ltr'><strong><em>concedamus,</em></strong></span> <span class='ocrx_word' id='word_1_227' title='bbox 1101 2688 1174 2748; x_wconf 89' lang='lat' dir='ltr'><strong><em>haec</em></strong></span> <span class='ocrx_word' id='word_1_228' title='bbox 1194 2705 1314 2767; x_wconf 88' lang='lat' dir='ltr'><strong><em>semper</em></strong></span> <span class='ocrx_word' id='word_1_229' title='bbox 1328 2698 1476 2747; x_wconf 57' lang='lat' dir='ltr'><strong><em>summos</em></strong></span> 
     </span>
     <span class='ocr_line' id='line_1_24' title="bbox 139 2786 1559 2874; baseline -0.004 -20"><span class='ocrx_word' id='word_1_230' title='bbox 139 2794 389 2859; x_wconf 85' lang='lat' dir='ltr'><strong><em>rumPo&#39;ntilicum</em></strong></span> <span class='ocrx_word' id='word_1_231' title='bbox 405 2811 473 2853; x_wconf 89' lang='lat' dir='ltr'><strong><em>cura</em></strong></span> <span class='ocrx_word' id='word_1_232' title='bbox 487 2786 557 2872; x_wconf 85' lang='lat' dir='ltr'><strong><em>luit,</em></strong></span> <span class='ocrx_word' id='word_1_233' title='bbox 574 2792 695 2874; x_wconf 90' lang='lat' dir='ltr'><strong><em>nequid</em></strong></span> <span class='ocrx_word' id='word_1_234' title='bbox 714 2793 852 2873; x_wconf 90' lang='lat' dir='ltr'><strong><em>irriperet</em></strong></span> <span class='ocrx_word' id='word_1_235' title='bbox 865 2789 1081 2868; x_wconf 89' lang='lat' dir='ltr'><strong><em>inordinatum,</em></strong></span> <span class='ocrx_word' id='word_1_236' title='bbox 1097 2788 1276 2870; x_wconf 84' lang='lat' dir='ltr'><strong><em>superfluum</em></strong></span> <span class='ocrx_word' id='word_1_237' title='bbox 1290 2798 1338 2851; x_wconf 91' lang='lat' dir='ltr'><strong><em>aut</em></strong></span> <span class='ocrx_word' id='word_1_238' title='bbox 1352 2807 1455 2869; x_wconf 89' lang='lat' dir='ltr'><strong><em>super·</em></strong></span> <span class='ocrx_word' id='word_1_239' title='bbox 1546 2810 1559 2834; x_wconf 89' lang='lat'><strong>·</strong></span> 
     </span>
     <span class='ocr_line' id='line_1_25' title="bbox 138 2884 514 2957; baseline 0 -2"><span class='ocrx_word' id='word_1_240' title='bbox 138 2897 295 2957; x_wconf 90' lang='lat' dir='ltr'><strong><em>stitiosum.</em></strong></span> <span class='ocrx_word' id='word_1_241' title='bbox 509 2884 514 2893; x_wconf 78' lang='grc'>’</span> 
     </span>
    </p>

    <p class='ocr_par' dir='ltr' id='par_1_5' title="bbox 139 2993 1455 3182">
     <span class='ocr_line' id='line_1_26' title="bbox 243 2993 1454 3078; baseline -0.004 -18"><span class='ocrx_word' id='word_1_242' title='bbox 243 2997 425 3060; x_wconf 84' lang='lat' dir='ltr'><strong><em>Christianos</em></strong></span> <span class='ocrx_word' id='word_1_243' title='bbox 445 3018 484 3060; x_wconf 83' lang='lat' dir='ltr'><strong><em>ex</em></strong></span> <span class='ocrx_word' id='word_1_244' title='bbox 507 2998 717 3078; x_wconf 87' lang='lat' dir='ltr'><strong><em>antiquissimis</em></strong></span> <span class='ocrx_word' id='word_1_245' title='bbox 741 2997 925 3076; x_wconf 88' lang='lat' dir='ltr'><strong><em>temporibus</em></strong></span> <span class='ocrx_word' id='word_1_246' title='bbox 945 2998 976 3056; x_wconf 88' lang='lat' dir='ltr'><strong><em>iu</em></strong></span> <span class='ocrx_word' id='word_1_247' title='bbox 990 2997 1118 3075; x_wconf 87' lang='lat' dir='ltr'><strong><em>liturgiis</em></strong></span> <span class='ocrx_word' id='word_1_248' title='bbox 1139 3014 1246 3076; x_wconf 88' lang='lat' dir='ltr'><strong><em>preces</em></strong></span> <span class='ocrx_word' id='word_1_249' title='bbox 1266 2993 1379 3055; x_wconf 87' lang='lat' dir='ltr'><strong><em>fudisse</em></strong></span> <span class='ocrx_word' id='word_1_250' title='bbox 1399 3012 1454 3072; x_wconf 90' lang='lat' dir='ltr'><strong><em>pro</em></strong></span> 
     </span>
     <span class='ocr_line' id='line_1_27' title="bbox 139 3090 1455 3182; baseline -0.008 -20"><span class='ocrx_word' id='word_1_251' title='bbox 139 3102 337 3182; x_wconf 85' lang='lat' dir='ltr'><strong><em>Imperatore,</em></strong></span> <span class='ocrx_word' id='word_1_252' title='bbox 358 3101 488 3178; x_wconf 85' lang='lat' dir='ltr'><strong><em>Regibus</em></strong></span> <span class='ocrx_word' id='word_1_253' title='bbox 504 3111 534 3162; x_wconf 91' lang='lat' dir='ltr'><strong><em>et</em></strong></span> <span class='ocrx_word' id='word_1_254' title='bbox 554 3090 690 3162; x_wconf 85' lang='lat' dir='ltr'><strong><em>omnibus</em></strong></span> <span class='ocrx_word' id='word_1_255' title='bbox 715 3095 765 3181; x_wconf 71' lang='lat' dir='ltr'><strong><em>q‘ui</em></strong></span> <span class='ocrx_word' id='word_1_256' title='bbox 785 3102 815 3160; x_wconf 91' lang='lat' dir='ltr'><strong><em>in</em></strong></span> <span class='ocrx_word' id='word_1_257' title='bbox 835 3099 1013 3160; x_wconf 89' lang='lat' dir='ltr'><strong><em>sublimitate</em></strong></span> <span class='ocrx_word' id='word_1_258' title='bbox 1035 3108 1102 3160; x_wconf 88' lang='lat' dir='ltr'><strong><em>suut</em></strong></span> <span class='ocrx_word' id='word_1_259' title='bbox 1116 3097 1154 3176; x_wconf 89' lang='lat' dir='ltr'><strong><em>(l.</em></strong></span> <span class='ocrx_word' id='word_1_260' title='bbox 1170 3098 1298 3159; x_wconf 86' lang='lat' dir='ltr'><strong><em>Timoth.</em></strong></span> <span class='ocrx_word' id='word_1_261' title='bbox 1313 3095 1348 3156; x_wconf 93' lang='lat' dir='ltr'><strong><em>ll.</em></strong></span> <span class='ocrx_word' id='word_1_262' title='bbox 1364 3114 1392 3153; x_wconf 90' lang='lat' dir='ltr'><strong><em>v.</em></strong></span> <span class='ocrx_word' id='word_1_263' title='bbox 1406 3092 1455 3172; x_wconf 67' lang='grc' dir='ltr'><strong><em>Ξ),</em></strong></span> 
     </span>
    </p>
   </div>
   <div class='ocr_carea' id='block_1_5' title="bbox 140 3198 1573 3386">
    <p class='ocr_par' dir='ltr' id='par_1_6' title="bbox 140 3198 1573 3386">
     <span class='ocr_line' id='line_1_28' title="bbox 140 3198 1563 3284; baseline -0.004 -20"><span class='ocrx_word' id='word_1_264' title='bbox 140 3205 205 3284; x_wconf 85' lang='lat' dir='ltr'><strong><em>quis</em></strong></span> <span class='ocrx_word' id='word_1_265' title='bbox 219 3213 274 3280; x_wconf 86' lang='lat' dir='ltr'><strong><em>est,</em></strong></span> <span class='ocrx_word' id='word_1_266' title='bbox 290 3206 339 3284; x_wconf 91' lang='lat' dir='ltr'><strong><em>qui</em></strong></span> <span class='ocrx_word' id='word_1_267' title='bbox 355 3206 478 3266; x_wconf 87' lang='lat' dir='ltr'><strong><em>nesciat.</em></strong></span> <span class='ocrx_word' id='word_1_268' title='bbox 509 3203 613 3265; x_wconf 79' lang='lat' dir='ltr'><strong><em>Testes</em></strong></span> <span class='ocrx_word' id='word_1_269' title='bbox 628 3213 695 3264; x_wconf 89' lang='lat' dir='ltr'><strong><em>sunt</em></strong></span> <span class='ocrx_word' id='word_1_270' title='bbox 707 3202 916 3279; x_wconf 83' lang='lat' dir='ltr'><strong><em>Tertullianus,</em></strong></span> <span class='ocrx_word' id='word_1_271' title='bbox 931 3201 1090 3279; x_wconf 83' lang='lat' dir='ltr'><strong><em>hruobius,</em></strong></span> <span class='ocrx_word' id='word_1_272' title='bbox 1106 3202 1254 3279; x_wconf 89' lang='lat' dir='ltr'><strong><em>Origenes</em></strong></span> <span class='ocrx_word' id='word_1_273' title='bbox 1269 3209 1357 3278; x_wconf 88' lang='lat' dir='ltr'><strong><em>atque</em></strong></span> <span class='ocrx_word' id='word_1_274' title='bbox 1371 3198 1453 3258; x_wconf 85' lang='lat' dir='ltr'><strong><em>ineu·</em></strong></span> <span class='ocrx_word' id='word_1_275' title='bbox 1558 3256 1563 3265; x_wconf 85' lang='grc'>,</span> 
     </span>
     <span class='ocr_line' id='line_1_29' title="bbox 140 3299 1573 3386; baseline -0.004 -20"><span class='ocrx_word' id='word_1_276' title='bbox 140 3309 212 3367; x_wconf 91' lang='lat' dir='ltr'><strong><em>meri</em></strong></span> <span class='ocrx_word' id='word_1_277' title='bbox 231 3305 293 3367; x_wconf 86' lang='lat' dir='ltr'><strong><em>alii.</em></strong></span> <span class='ocrx_word' id='word_1_278' title='bbox 333 3306 456 3380; x_wconf 88' lang='lat' dir='ltr'><strong><em>Quando</em></strong></span> <span class='ocrx_word' id='word_1_279' title='bbox 478 3300 519 3366; x_wconf 86' lang='lat' dir='ltr'><strong><em>¹eu</em></strong></span> <span class='ocrx_word' id='word_1_280' title='bbox 540 3306 695 3386; x_wconf 77' lang='lat' dir='ltr'><strong><em>lliptychis</em></strong></span> <span class='ocrx_word' id='word_1_281' title='bbox 717 3307 957 3367; x_wconf 87' lang='lat' dir='ltr'><strong><em>commemoratio</em></strong></span> <span class='ocrx_word' id='word_1_282' title='bbox 980 3305 1068 3365; x_wconf 88' lang='lat' dir='ltr'><strong><em>tiebat</em></strong></span> <span class='ocrx_word' id='word_1_283' title='bbox 1090 3306 1239 3378; x_wconf 85' lang='lat' dir='ltr'><strong><em>vivorum,</em></strong></span> <span class='ocrx_word' id='word_1_284' title='bbox 1260 3303 1380 3364; x_wconf 89' lang='lat' dir='ltr'><strong><em>nomine</em></strong></span> <span class='ocrx_word' id='word_1_285' title='bbox 1399 3299 1452 3361; x_wconf 91' lang='lat' dir='ltr'><strong><em>lm·</em></strong></span> <span class='ocrx_word' id='word_1_286' title='bbox 1567 3302 1573 3312; x_wconf 84' lang='lat'>&#39;</span> 
     </span>
    </p>
   </div>
   <div class='ocr_carea' id='block_1_6' title="bbox 91 3403 1496 4728">
    <p class='ocr_par' dir='ltr' id='par_1_7' title="bbox 97 3403 1493 4306">
     <span class='ocr_line' id='line_1_30' title="bbox 139 3403 1455 3489; baseline -0.005 -19"><span class='ocrx_word' id='word_1_287' title='bbox 139 3412 287 3489; x_wconf 89' lang='lat' dir='ltr'><strong><em>peratoris</em></strong></span> <span class='ocrx_word' id='word_1_288' title='bbox 298 3409 347 3468; x_wconf 89' lang='lat' dir='ltr'><strong><em>vel</em></strong></span> <span class='ocrx_word' id='word_1_289' title='bbox 358 3408 721 3489; x_wconf 88' lang='lat' dir='ltr'><strong><em>Regisprolato,orabant</em></strong></span> <span class='ocrx_word' id='word_1_290' title='bbox 737 3408 840 3470; x_wconf 83' lang='lat' dir='ltr'><strong><em>fideles</em></strong></span> <span class='ocrx_word' id='word_1_291' title='bbox 850 3416 881 3467; x_wconf 89' lang='lat' dir='ltr'><strong><em>ut</em></strong></span> <span class='ocrx_word' id='word_1_292' title='bbox 891 3410 984 3469; x_wconf 89' lang='lat' dir='ltr'><strong><em>mittat</em></strong></span> <span class='ocrx_word' id='word_1_293' title='bbox 999 3406 1178 3468; x_wconf 89' lang='lat' dir='ltr'><strong><em>eiDominus</em></strong></span> <span class='ocrx_word' id='word_1_294' title='bbox 1188 3403 1326 3466; x_wconf 85' lang='lat' dir='ltr'><strong><em>auxilium</em></strong></span> <span class='ocrx_word' id='word_1_295' title='bbox 1337 3404 1455 3464; x_wconf 89' lang='lat' dir='ltr'><strong><em>deSion</em></strong></span> 
     </span>
     <span class='ocr_line' id='line_1_31' title="bbox 140 3503 1455 3591; baseline -0.003 -21"><span class='ocrx_word' id='word_1_296' title='bbox 140 3529 269 3588; x_wconf 76' lang='lat' dir='ltr'><strong><em>eumque,</em></strong></span> <span class='ocrx_word' id='word_1_297' title='bbox 290 3510 401 3570; x_wconf 89' lang='lat' dir='ltr'><strong><em>salvum</em></strong></span> <span class='ocrx_word' id='word_1_298' title='bbox 419 3512 515 3571; x_wconf 89' lang='lat' dir='ltr'><strong><em>iaciat.</em></strong></span> <span class='ocrx_word' id='word_1_299' title='bbox 551 3511 608 3572; x_wconf 90' lang='lat' dir='ltr'><strong><em>Ubi</em></strong></span> <span class='ocrx_word' id='word_1_300' title='bbox 624 3511 839 3591; x_wconf 74' lang='lat' dir='ltr'><strong><em>Diptvchorum</em></strong></span> <span class='ocrx_word' id='word_1_301' title='bbox 861 3529 931 3571; x_wconf 90' lang='lat' dir='ltr'><strong><em>usus</em></strong></span> <span class='ocrx_word' id='word_1_302' title='bbox 953 3503 1114 3586; x_wconf 84' lang='lat' dir='ltr'><strong><em>obsolevit,</em></strong></span> <span class='ocrx_word' id='word_1_303' title='bbox 1130 3525 1236 3568; x_wconf 88' lang='lat' dir='ltr'><strong><em>nomen</em></strong></span> <span class='ocrx_word' id='word_1_304' title='bbox 1257 3505 1348 3583; x_wconf 86' lang='lat' dir='ltr'><strong><em>Regis</em></strong></span> <span class='ocrx_word' id='word_1_305' title='bbox 1365 3506 1455 3566; x_wconf 87' lang='lat' dir='ltr'><strong><em>inter·</em></strong></span> 
     </span>
     <span class='ocr_line' id='line_1_32' title="bbox 108 3596 1454 3692; baseline -0.003 -20"><span class='ocrx_word' id='word_1_306' title='bbox 108 3659 112 3662; x_wconf 88' lang='lat'>.</span> <span class='ocrx_word' id='word_1_307' title='bbox 139 3620 250 3673; x_wconf 76' lang='lat' dir='ltr'><strong><em>sortium</em></strong></span> <span class='ocrx_word' id='word_1_308' title='bbox 272 3620 316 3671; x_wconf 85' lang='lat' dir='ltr'><strong><em>cst</em></strong></span> <span class='ocrx_word' id='word_1_309' title='bbox 336 3613 447 3690; x_wconf 90' lang='lat' dir='ltr'><strong><em>primae</em></strong></span> <span class='ocrx_word' id='word_1_310' title='bbox 464 3610 591 3672; x_wconf 90' lang='lat' dir='ltr'><strong><em>Canonis</em></strong></span> <span class='ocrx_word' id='word_1_311' title='bbox 607 3613 740 3673; x_wconf 83' lang='lat' dir='ltr'><strong><em>Orationi</em></strong></span> <span class='ocrx_word' id='word_1_312' title='bbox 760 3621 828 3692; x_wconf 91' lang='lat' dir='ltr'><strong><em>post</em></strong></span> <span class='ocrx_word' id='word_1_313' title='bbox 848 3613 966 3672; x_wconf 88' lang='lat' dir='ltr'><strong><em>nomina</em></strong></span> <span class='ocrx_word' id='word_1_314' title='bbox 979 3610 1077 3689; x_wconf 88' lang='lat' dir='ltr'><strong><em>Papae</em></strong></span> <span class='ocrx_word' id='word_1_315' title='bbox 1097 3618 1185 3689; x_wconf 87' lang='lat' dir='ltr'><strong><em>atque</em></strong></span> <span class='ocrx_word' id='word_1_316' title='bbox 1206 3596 1362 3689; x_wconf 81' lang='lat' dir='ltr'><strong><em>Episcopi:</em></strong></span> <span class='ocrx_word' id='word_1_317' title='bbox 1387 3625 1454 3669; x_wconf 90' lang='lat' dir='ltr'><strong><em>raro</em></strong></span> 
     </span>
     <span class='ocr_line' id='line_1_33' title="bbox 139 3712 1456 3794; baseline -0.003 -19"><span class='ocrx_word' id='word_1_318' title='bbox 139 3714 320 3794; x_wconf 86' lang='lat' dir='ltr'><strong><em>Episcopum</em></strong></span> <span class='ocrx_word' id='word_1_319' title='bbox 335 3712 492 3774; x_wconf 85' lang='lat' dir='ltr'><strong><em>antecedit.</em></strong></span> <span class='ocrx_word' id='word_1_320' title='bbox 522 3712 619 3773; x_wconf 78' lang='lat' dir='ltr'><strong><em>Adeas</em></strong></span> <span class='ocrx_word' id='word_1_321' title='bbox 633 3712 763 3774; x_wconf 82' lang='lat' dir='ltr'><strong><em>blissalia</em></strong></span> <span class='ocrx_word' id='word_1_322' title='bbox 782 3715 870 3774; x_wconf 90' lang='lat' dir='ltr'><strong><em>medii</em></strong></span> <span class='ocrx_word' id='word_1_323' title='bbox 891 3715 958 3773; x_wconf 86' lang='lat' dir='ltr'><strong><em>aevi</em></strong></span> <span class='ocrx_word' id='word_1_324' title='bbox 980 3731 1173 3792; x_wconf 87' lang='lat' dir='ltr'><strong><em>quaecunque</em></strong></span> <span class='ocrx_word' id='word_1_325' title='bbox 1188 3712 1277 3790; x_wconf 84' lang='lat' dir='ltr'><strong><em>velis:</em></strong></span> <span class='ocrx_word' id='word_1_326' title='bbox 1298 3712 1456 3791; x_wconf 89' lang='lat' dir='ltr'><strong><em>perpaucis</em></strong></span> 
     </span>
     <span class='ocr_line' id='line_1_34' title="bbox 140 3813 1456 3906; baseline -0.003 -28"><span class='ocrx_word' id='word_1_327' title='bbox 140 3819 276 3898; x_wconf 85' lang='lat' dir='ltr'><strong><em>exceptis</em></strong></span> <span class='ocrx_word' id='word_1_328' title='bbox 291 3817 409 3906; x_wconf 75' lang='lat' dir='ltr'><strong><em>obviem</em></strong></span> <span class='ocrx_word' id='word_1_329' title='bbox 428 3816 479 3876; x_wconf 92' lang='lat' dir='ltr'><strong><em>tibi</em></strong></span> <span class='ocrx_word' id='word_1_330' title='bbox 495 3818 550 3877; x_wconf 88' lang='lat' dir='ltr'><strong><em>erit</em></strong></span> <span class='ocrx_word' id='word_1_331' title='bbox 565 3819 671 3877; x_wconf 81' lang='lat' dir='ltr'><strong><em>bornen</em></strong></span> <span class='ocrx_word' id='word_1_332' title='bbox 685 3814 875 3895; x_wconf 79' lang='lat' dir='ltr'><strong><em>Inperatoris</em></strong></span> <span class='ocrx_word' id='word_1_333' title='bbox 889 3815 937 3874; x_wconf 95' lang='lat' dir='ltr'><strong><em>vel</em></strong></span> <span class='ocrx_word' id='word_1_334' title='bbox 956 3815 1059 3892; x_wconf 87' lang='lat' dir='ltr'><strong><em>Regis.</em></strong></span> <span class='ocrx_word' id='word_1_335' title='bbox 1089 3814 1236 3894; x_wconf 86' lang='lat' dir='ltr'><strong><em>Tanquam</em></strong></span> <span class='ocrx_word' id='word_1_336' title='bbox 1253 3813 1456 3895; x_wconf 77' lang='lat' dir='ltr'><strong><em>Apostolicam</em></strong></span> 
     </span>
     <span class='ocr_line' id='line_1_35' title="bbox 140 3914 1456 3996; baseline -0.005 -16"><span class='ocrx_word' id='word_1_337' title='bbox 140 3921 326 3981; x_wconf 87' lang='lat' dir='ltr'><strong><em>traditionem</em></strong></span> <span class='ocrx_word' id='word_1_338' title='bbox 350 3920 424 3979; x_wconf 89' lang='lat' dir='ltr'><strong><em>hanc</em></strong></span> <span class='ocrx_word' id='word_1_339' title='bbox 437 3919 529 3996; x_wconf 83' lang='lat' dir='ltr'><strong><em>llegis</em></strong></span> <span class='ocrx_word' id='word_1_340' title='bbox 552 3920 586 3979; x_wconf 89' lang='lat' dir='ltr'><strong><em>in</em></strong></span> <span class='ocrx_word' id='word_1_341' title='bbox 603 3917 759 3981; x_wconf 88' lang='lat' dir='ltr'><strong><em>Canone</em></strong></span> <span class='ocrx_word' id='word_1_342' title='bbox 779 3916 1094 3981; x_wconf 89' lang='lat' dir='ltr'><strong><em>Commemorationcm</em></strong></span> <span class='ocrx_word' id='word_1_343' title='bbox 1112 3917 1210 3978; x_wconf 89' lang='lat' dir='ltr'><strong><em>laudat</em></strong></span> <span class='ocrx_word' id='word_1_344' title='bbox 1228 3927 1259 3979; x_wconf 90' lang='lat' dir='ltr'><strong><em>et</em></strong></span> <span class='ocrx_word' id='word_1_345' title='bbox 1272 3914 1456 3978; x_wconf 88' lang='lat' dir='ltr'><strong><em>commendet</em></strong></span> 
     </span>
     <span class='ocr_line' id='line_1_36' title="bbox 139 4019 1455 4099; baseline -0.005 -16"><span class='ocrx_word' id='word_1_346' title='bbox 139 4024 330 4084; x_wconf 85' lang='lat' dir='ltr'><strong><em>Innocentius</em></strong></span> <span class='ocrx_word' id='word_1_347' title='bbox 350 4021 398 4082; x_wconf 91' lang='lat' dir='ltr'><strong><em>lll.</em></strong></span> <span class='ocrx_word' id='word_1_348' title='bbox 417 4023 447 4081; x_wconf 92' lang='lat' dir='ltr'><strong><em>in</em></strong></span> <span class='ocrx_word' id='word_1_349' title='bbox 467 4022 544 4084; x_wconf 89' lang='lat' dir='ltr'><strong><em>libro</em></strong></span> <span class='ocrx_word' id='word_1_350' title='bbox 563 4021 600 4082; x_wconf 89' lang='lat' dir='ltr'><strong><em>de</em></strong></span> <span class='ocrx_word' id='word_1_351' title='bbox 620 4021 770 4099; x_wconf 79' lang='lat' dir='ltr'><strong><em>llysteriis</em></strong></span> <span class='ocrx_word' id='word_1_352' title='bbox 790 4019 908 4082; x_wconf 79' lang='lat' dir='ltr'><strong><em>Missae.</em></strong></span> <span class='ocrx_word' id='word_1_353' title='bbox 948 4019 1055 4082; x_wconf 88' lang='lat' dir='ltr'><strong><em>llerito</em></strong></span> <span class='ocrx_word' id='word_1_354' title='bbox 1074 4023 1167 4099; x_wconf 87' lang='lat' dir='ltr'><strong><em>igitur</em></strong></span> <span class='ocrx_word' id='word_1_355' title='bbox 1183 4023 1329 4096; x_wconf 89' lang='lat' dir='ltr'><strong><em>miramur,</em></strong></span> <span class='ocrx_word' id='word_1_356' title='bbox 1348 4035 1455 4079; x_wconf 90' lang='lat' dir='ltr'><strong><em>nomen</em></strong></span> 
     </span>
     <span class='ocr_line' id='line_1_37' title="bbox 97 4110 1493 4206; baseline -0.007 -20"><span class='ocrx_word' id='word_1_357' title='bbox 97 4144 103 4153; x_wconf 94' lang='lat'>·</span> <span class='ocrx_word' id='word_1_358' title='bbox 140 4125 285 4206; x_wconf 88' lang='lat' dir='ltr'><strong><em>Principis</em></strong></span> <span class='ocrx_word' id='word_1_359' title='bbox 306 4127 335 4186; x_wconf 89' lang='lat' dir='ltr'><strong><em>in</em></strong></span> <span class='ocrx_word' id='word_1_360' title='bbox 355 4110 486 4204; x_wconf 84' lang='lat' dir='ltr'><strong><em>plurimis</em></strong></span> <span class='ocrx_word' id='word_1_361' title='bbox 509 4124 642 4186; x_wconf 89' lang='lat' dir='ltr'><strong><em>hodierni</em></strong></span> <span class='ocrx_word' id='word_1_362' title='bbox 666 4125 808 4203; x_wconf 88' lang='lat' dir='ltr'><strong><em>temporis</em></strong></span> <span class='ocrx_word' id='word_1_363' title='bbox 826 4123 993 4184; x_wconf 85' lang='lat' dir='ltr'><strong><em>blissalibus</em></strong></span> <span class='ocrx_word' id='word_1_364' title='bbox 1018 4141 1086 4184; x_wconf 90' lang='lat' dir='ltr'><strong><em>esse</em></strong></span> <span class='ocrx_word' id='word_1_365' title='bbox 1108 4125 1357 4203; x_wconf 87' lang='lat' dir='ltr'><strong><em>praetermissum.</em></strong></span> <span class='ocrx_word' id='word_1_366' title='bbox 1390 4119 1455 4192; x_wconf 84' lang='lat' dir='ltr'><strong><em>Qua</em></strong></span> <span class='ocrx_word' id='word_1_367' title='bbox 1490 4168 1493 4173; x_wconf 96' lang='lat'>.</span> 
     </span>
     <span class='ocr_line' id='line_1_38' title="bbox 140 4219 1454 4306; baseline -0.008 -17"><span class='ocrx_word' id='word_1_368' title='bbox 140 4230 256 4289; x_wconf 88' lang='lat' dir='ltr'><strong><em>ratione</em></strong></span> <span class='ocrx_word' id='word_1_369' title='bbox 271 4238 301 4289; x_wconf 88' lang='lat' dir='ltr'><strong><em>et</em></strong></span> <span class='ocrx_word' id='word_1_370' title='bbox 315 4230 361 4288; x_wconf 89' lang='lat' dir='ltr'><strong><em>via</em></strong></span> <span class='ocrx_word' id='word_1_371' title='bbox 378 4228 450 4288; x_wconf 90' lang='lat' dir='ltr'><strong><em>haec</em></strong></span> <span class='ocrx_word' id='word_1_372' title='bbox 464 4230 592 4306; x_wconf 88' lang='lat' dir='ltr'><strong><em>pessima</em></strong></span> <span class='ocrx_word' id='word_1_373' title='bbox 607 4227 791 4288; x_wconf 86' lang='lat' dir='ltr'><strong><em>consuetudo</em></strong></span> <span class='ocrx_word' id='word_1_374' title='bbox 806 4224 1176 4302; x_wconf 80' lang='lat' dir='ltr'><strong><em>inecclesia&#39;m-llomauam</em></strong></span> <span class='ocrx_word' id='word_1_375' title='bbox 1188 4224 1352 4303; x_wconf 89' lang='lat' dir='ltr'><strong><em>irrepserit,</em></strong></span> <span class='ocrx_word' id='word_1_376' title='bbox 1367 4219 1454 4281; x_wconf 88' lang='lat' dir='ltr'><strong><em>docte</em></strong></span> 
     </span>
    </p>

    <p class='ocr_par' dir='ltr' id='par_1_8' title="bbox 91 4312 1496 4728">
     <span class='ocr_line' id='line_1_39' title="bbox 141 4312 1496 4410; baseline -0.01 -14"><span class='ocrx_word' id='word_1_377' title='bbox 141 4340 173 4397; x_wconf 82' lang='lat' dir='ltr'><strong><em>at</em></strong></span> <span class='ocrx_word' id='word_1_378' title='bbox 192 4330 341 4392; x_wconf 90' lang='lat' dir='ltr'><strong><em>subtiliter</em></strong></span> <span class='ocrx_word' id='word_1_379' title='bbox 360 4333 483 4410; x_wconf 86' lang='lat' dir='ltr'><strong><em>exponit</em></strong></span> <span class='ocrx_word' id='word_1_380' title='bbox 508 4327 704 4390; x_wconf 81' lang='lat' dir='ltr'><strong><em>Bintetimius</em></strong></span> <span class='ocrx_word' id='word_1_381' title='bbox 731 4331 760 4390; x_wconf 91' lang='lat' dir='ltr'><strong><em>in</em></strong></span> <span class='ocrx_word' id='word_1_382' title='bbox 788 4329 1220 4408; x_wconf 84' lang='lat' dir='ltr'><strong><em>laudatissima·Oisquisitione</em></strong></span> <span class='ocrx_word' id='word_1_383' title='bbox 1248 4320 1373 4402; x_wconf 83' lang='lat' dir='ltr'><strong><em>„lieber</em></strong></span> <span class='ocrx_word' id='word_1_384' title='bbox 1396 4322 1454 4383; x_wconf 86' lang='lat' dir='ltr'><strong><em>dos</em></strong></span> <span class='ocrx_word' id='word_1_385' title='bbox 1490 4312 1496 4320; x_wconf 73' lang='grc'><strong>’</strong></span> 
     </span>
     <span class='ocr_line' id='line_1_40' title="bbox 140 4424 1455 4512; baseline -0.004 -21"><span class='ocrx_word' id='word_1_386' title='bbox 140 4424 233 4492; x_wconf 75' lang='lat' dir='ltr'><strong><em>Cobet</em></strong></span> <span class='ocrx_word' id='word_1_387' title='bbox 253 4431 308 4509; x_wconf 79' lang='lat' dir='ltr'><strong><em>fiir</em></strong></span> <span class='ocrx_word' id='word_1_388' title='bbox 330 4432 378 4493; x_wconf 85' lang='lat' dir='ltr'><strong><em>die</em></strong></span> <span class='ocrx_word' id='word_1_389' title='bbox 397 4431 514 4511; x_wconf 77' lang='lat' dir='ltr'><strong><em>Kinige</em></strong></span> <span class='ocrx_word' id='word_1_390' title='bbox 533 4431 596 4493; x_wconf 82' lang='lat' dir='ltr'><strong><em>end</em></strong></span> <span class='ocrx_word' id='word_1_391' title='bbox 615 4430 744 4492; x_wconf 80' lang='lat' dir='ltr'><strong><em>Fuirsten</em></strong></span> <span class='ocrx_word' id='word_1_392' title='bbox 772 4432 804 4494; x_wconf 85' lang='lat' dir='ltr'><strong><em>in</em></strong></span> <span class='ocrx_word' id='word_1_393' title='bbox 826 4433 882 4494; x_wconf 87' lang='lat' dir='ltr'><strong><em>der</em></strong></span> <span class='ocrx_word' id='word_1_394' title='bbox 902 4430 1079 4510; x_wconf 77' lang='lat' dir='ltr'><strong><em>hitorpie“,</em></strong></span> <span class='ocrx_word' id='word_1_395' title='bbox 1108 4450 1164 4512; x_wconf 90' lang='lat' dir='ltr'><strong><em>qua</em></strong></span> <span class='ocrx_word' id='word_1_396' title='bbox 1185 4425 1323 4490; x_wconf 83' lang='lat' dir='ltr'><strong><em>Potttctce</em></strong></span> <span class='ocrx_word' id='word_1_397' title='bbox 1347 4424 1455 4487; x_wconf 82' lang='lat' dir='ltr'><strong><em>librum</em></strong></span> 
     </span>
     <span class='ocr_line' id='line_1_41' title="bbox 91 4521 1455 4627; baseline -0.004 -33"><span class='ocrx_word' id='word_1_398' title='bbox 91 4613 94 4627; x_wconf 42' lang='grc' dir='ltr'>Ι</span> <span class='ocrx_word' id='word_1_399' title='bbox 140 4535 317 4596; x_wconf 84' lang='lat' dir='ltr'><strong><em>nouaclum</em></strong></span> <span class='ocrx_word' id='word_1_400' title='bbox 338 4536 409 4597; x_wconf 87' lang='lat' dir='ltr'><strong><em>lecit</em></strong></span> <span class='ocrx_word' id='word_1_401' title='bbox 422 4521 640 4614; x_wconf 80' lang='lat' dir='ltr'><strong><em>germanicum,</em></strong></span> <span class='ocrx_word' id='word_1_402' title='bbox 661 4537 748 4598; x_wconf 90' lang='lat' dir='ltr'><strong><em>immo</em></strong></span> <span class='ocrx_word' id='word_1_403' title='bbox 768 4538 849 4598; x_wconf 82' lang='lat' dir='ltr'><strong><em>auxit</em></strong></span> <span class='ocrx_word' id='word_1_404' title='bbox 871 4545 902 4597; x_wconf 88' lang='grc' dir='ltr'><strong><em>ει</em></strong></span> <span class='ocrx_word' id='word_1_405' title='bbox 920 4535 1125 4616; x_wconf 89' lang='lat' dir='ltr'><strong><em>locupletavit.</em></strong></span> <span class='ocrx_word' id='word_1_406' title='bbox 1147 4526 1287 4613; x_wconf 83' lang='lat' dir='ltr'><strong><em>(hdicota</em></strong></span> <span class='ocrx_word' id='word_1_407' title='bbox 1307 4539 1352 4592; x_wconf 91' lang='lat' dir='ltr'><strong><em>est</em></strong></span> <span class='ocrx_word' id='word_1_408' title='bbox 1373 4528 1455 4602; x_wconf 81' lang='lat' dir='ltr'><strong><em>velut</em></strong></span> 
     </span>
     <span class='ocr_line' id='line_1_42' title="bbox 140 4619 1456 4728; baseline -0.002 -31"><span class='ocrx_word' id='word_1_409' title='bbox 140 4636 290 4728; x_wconf 83' lang='lat' dir='ltr'><strong><em>appendix</em></strong></span> <span class='ocrx_word' id='word_1_410' title='bbox 316 4640 393 4720; x_wconf 82' lang='lat' dir='ltr'><strong><em>parti</em></strong></span> <span class='ocrx_word' id='word_1_411' title='bbox 411 4619 561 4703; x_wconf 81' lang='lat' dir='ltr'><strong><em>secundae</em></strong></span> <span class='ocrx_word' id='word_1_412' title='bbox 580 4639 652 4700; x_wconf 90' lang='lat' dir='ltr'><strong><em>tomi</em></strong></span> <span class='ocrx_word' id='word_1_413' title='bbox 681 4641 777 4720; x_wconf 78' lang='lat' dir='ltr'><strong><em>quarti</em></strong></span> <span class='ocrx_word' id='word_1_414' title='bbox 795 4638 1027 4717; x_wconf 88' lang='lat' dir='ltr'><strong><em>archaeologiae</em></strong></span> <span class='ocrx_word' id='word_1_415' title='bbox 1053 4653 1125 4699; x_wconf 88' lang='lat' dir='ltr'><strong><em>suae</em></strong></span> <span class='ocrx_word' id='word_1_416' title='bbox 1150 4634 1342 4697; x_wconf 86' lang='lat' dir='ltr'><strong><em>christianae:</em></strong></span> <span class='ocrx_word' id='word_1_417' title='bbox 1369 4628 1456 4710; x_wconf 77' lang='lat' dir='ltr'><strong><em>„Per</em></strong></span> 
     </span>
    </p>
   </div>
   <div class='ocr_carea' id='block_1_7' title="bbox 0 0 1607 5176">
    <p class='ocr_par' dir='ltr' id='par_1_9' title="bbox 0 0 1607 5176">
     <span class='ocr_line' id='line_1_43' title="bbox 0 0 1607 5176; baseline 0 0"><span class='ocrx_word' id='word_1_418' title='bbox 0 0 1607 5176; x_wconf 95' lang='lat' dir='ltr'><strong><em> </em></strong></span> 
     </span>
    </p>
   </div>
  </div>
 </body>
</html>
