3202 5176
705 355 778 424 273

86 559 219 633 quartam
233 550 412 625 matutinam,
427 548 483 608 uisi
501 545 644 608 habeatur
657 545 854 626 dispensatio)
873 546 975 608 induet
992 547 1240 628 superpelliceum
1255 559 1285 610 et
1299 549 1405 612 stolam

85 654 144 715 albi
159 653 269 714 coloris
284 650 347 730 (aut
357 653 503 727 amictum,
518 649 624 726 albam,
638 649 787 726 cingulum
801 659 830 711 et
840 649 946 710 stolam
959 652 1024 712 sine
1039 651 1198 730 manipulo,
1212 654 1311 732 posito
1326 651 1405 732 quod

85 755 205 818 dhissum
223 755 262 815 sit
276 756 341 835 ipse
356 755 496 815 contiuuo
516 748 733 827 celebraturus)
751 751 961 832 adhibebitque
984 772 1071 814 uuum
1087 751 1234 828 Cleripum
1250 755 1404 834 superpel-

86 858 164 921 liceo
185 858 328 935 indutum,
350 857 399 917 vel
421 856 524 916 saltem
544 855 670 934 aliquem
682 853 858 930 Ministrum,
879 856 928 933 qui
941 855 1059 916 Librum
1080 855 1159 916 hunc
1178 856 1324 918 Ritualem
1339 872 1404 917 cunr

86 979 160 1040 aqua
177 959 333 1020 benedicta
358 969 388 1019 et
408 959 577 1038 aspersorio
592 964 723 1036 paratum
742 965 858 1033 tenere,
878 975 934 1016 una
955 976 1019 1018 cum
1037 957 1122 1037 pelvi
1140 958 1273 1038 parvula,
1300 961 1329 1019 iu
1349 977 1404 1038 qua

85 1072 212 1143 ponatur
226 1062 351 1122 annulus
368 1063 479 1138 unicus,
494 1059 621 1138 simplex
635 1058 748 1137 absque
764 1059 912 1120 caelatura
926 1069 975 1120 aut
990 1062 1124 1137 gemmis.

190 1162 262 1225 Τιιιιι
277 1182 390 1244 sponso
407 1173 436 1224 et
450 1181 560 1243 sponsa
579 1162 668 1222 asnis
682 1161 864 1241 parentibus,
881 1162 929 1221 vel
943 1164 1045 1223 amicis
1061 1172 1091 1223 et
1106 1164 1237 1224 inuitatis
1252 1163 1404 1242 utriusque

86 1285 176 1327 sexus
197 1267 362 1328 honorilice
382 1275 413 1326 et
433 1285 495 1326 eum
518 1264 662 1324 modestia
683 1267 760 1324 iutra
778 1263 940 1325 Ecclesiam
962 1274 1030 1325 ante
1053 1262 1199 1342 chorum,
1221 1265 1271 1326 vel
1285 1263 1403 1344 aliquod

85 1368 187 1430 Altare
207 1387 305 1429 coram
328 1369 452 1429 Pastore
474 1367 626 1443 deductis,
648 1368 721 1446 ipsis
742 1375 810 1426 ante
831 1366 978 1428 conlessis
997 1375 1027 1427 et
1047 1369 1279 1444 communicatis,
1300 1368 1404 1427 saltem

85 1472 192 1551 pridie,
207 1481 237 1531 et
251 1473 383 1550 insuper,
403 1473 428 1530 si
442 1472 505 1530 heri
524 1477 635 1548 potest,
651 1469 769 1544 ieiunis,
784 1468 945 1546 Parochus,
964 1471 1171 1548 praesentibus
1186 1470 1331 1547 testibus,
1355 1470 1404 1528 iis·

85 1592 143 1653 que
156 1572 328 1653 parentibus
345 1582 375 1632 et
386 1573 532 1648 cognatis,
553 1577 600 1630 ant
614 1570 690 1645 aliis,
705 1569 867 1649 postulabit
880 1589 895 1630 a
914 1589 1026 1649 sponso
1041 1573 1189 1650 annulum,
1210 1590 1296 1651 quern
1315 1589 1404 1651 spon·

85 1694 136 1736 sus
150 1675 281 1753 deponet
298 1675 328 1733 in
343 1673 434 1753 pelvi,
454 1674 492 1733 de
513 1690 569 1751 qua
588 1688 689 1750 supra,
713 1688 797 1750 qnam
812 1671 926 1731 tenebit
945 1669 1089 1749 Clericus,
1107 1674 1157 1734 vel
1177 1674 1251 1734 alius
1270 1672 1405 1733 blinister

85 1786 154 1837 aute
169 1775 342 1835 Parochum.
367 1774 436 1855 Ipse
449 1784 546 1835 autern
560 1772 710 1833 Parocbns
725 1781 805 1833 stans
818 1773 895 1833 lacie
907 1791 995 1834 versa
1007 1773 1043 1834 ad
1053 1791 1195 1853 sponsum
1210 1783 1239 1834 et
1252 1790 1403 1852 sponsam,

84 1879 125 1938 ita
143 1887 175 1937 ιιι
190 1879 235 1937 vir
252 1879 290 1938 sit
308 1877 344 1937 ad
361 1879 507 1937 sinistram
521 1894 614 1952 suam,
635 1886 665 1937 et
679 1875 783 1935 mulier
802 1875 837 1957 ad
852 1875 1016 1951 dexteram,
1032 1884 1187 1956 postquam
1206 1856 1289 1956 ipsos
1309 1885 1339 1936 et
1356 1875 1404 1937 ad·
1486 1946 1488 1955 Ι

85 1988 217 2056 stantes,
241 1978 430 2041 mediocriter
449 1999 483 2040 se
505 1979 667 2055 inclinans,
696 1978 885 2055 salutaverit,
913 1978 1105 2059 producendo
1124 1997 1216 2060 super
1235 1997 1270 2040 se
1289 1979 1405 2056 signum

85 2081 199 2158 Crucis,
214 2082 306 2143 dicet:
544 2064 548 2072 ¹

188 2174 227 2245 ln
247 2173 393 2246 Nomine
413 2175 538 2263 Patris,
560 2182 594 2244 et
611 2171 703 2262 Filii,
727 2181 761 2244 et
784 2168 930 2268 Spiritus
957 2168 1083 2245 Sancti.
1136 2171 1260 2243 Amen.
1367 2233 1370 2238 .
1482 2173 1483 2177 ’

524 2353 777 2465 Benedictio
800 2394 969 2466 Annuli.

189 2579 224 2656 S.
259 2580 478 2653 Adiutorium
511 2589 668 2652 nostrum
699 2581 734 2649 in
768 2578 914 2651 Nomine
942 2581 1088 2653 Domini.
1140 2587 1183 2672 Pp.
1232 2580 1297 2664 Qui
1322 2582 1405 2654 lecit

86 2685 223 2759 coelum
251 2694 285 2755 et
315 2693 449 2754 terram.
493 2681 528 2757 S.
562 2682 728 2771 Domine,
756 2682 883 2753 exaudi
911 2685 1100 2755 orationem
1126 2705 1246 2753 meam.
1288 2690 1331 2776 ip.
1360 2683 1405 2757 Et
1436 2770 1439 2773 .

85 2789 216 2860 clamor
246 2808 343 2857 mens
371 2784 414 2855 ad
441 2788 625 2858 reveniat.
670 2782 705 2858 S.
739 2784 907 2858 Dominus
934 2785 1124 2860 vobiscum.
1177 2790 1220 2876 lh.
1256 2786 1405 2858 Etcum
1522 2839 1524 2844 -

84 2894 202 2987 spiritu
224 2899 294 2960 tuo.
524 2905 527 2909 ’
608 2902 611 2911 ’
1556 2942 1560 2969 .,

189 2990 344 3063 Oremus.
398 2989 552 3060 Benedic
572 2988 623 3084 †,
643 2989 803 3078 Domine,
822 2989 984 3060 annulum
1005 2991 1095 3064 huuc
1115 3004 1179 3065 etc.
1207 3004 1245 3066 ιιι
1265 3021 1297 3094 p,
1319 2995 1403 3066 268.
1457 3066 1461 3071 .

187 3103 258 3164 'lum
273 3112 412 3182 aspergat
426 3102 561 3162 annulum
576 3119 650 3180 aqna
665 3102 821 3163 benedicta
834 3103 863 3161 in
878 3102 995 3162 modum
1011 3102 1123 3166 Crucis.

189 3206 220 3264 Si
234 3205 449 3289 sponsaliorum
464 3204 782 3265 solemnis'celebrutio
803 3222 864 3264 uon
883 3209 1092 3284 praecesserit,
1114 3207 1274 3285 Paruchus,
1298 3215 1404 3287 operto

86 3308 195 3389 capite,
216 3308 306 3368 luciet
327 3324 439 3387 sponso
455 3315 484 3365 et
502 3324 631 3386 sponsae
645 3308 897 3383 interrogationes
917 3309 1030 3387 positas
1050 3310 1080 3370 in
1100 3311 1204 3371 ordine
1235 3308 1405 3371 celebrandi

84 3410 244 3490 sponsalia,
263 3428 352 3489 supra
367 3427 435 3489 pag.
449 3403 522 3468 271.

188 3511 278 3571 Facta
295 3510 395 3570 annuli
417 3510 625 3570 benedictione
647 3509 712 3586 (aut
731 3510 816 3570 lactis
840 3526 929 3591 supra
949 3508 1036 3570 dictis
1056 3511 1359 3590 interrogationibus,
1378 3512 1404 3571 si

28 3650 33 3660 .
85 3612 239 3674 faciendae
252 3601 378 3697 inerint)
392 3611 541 3671 Parocbus
556 3610 715 3689 adstantes,
732 3621 837 3691 operto
852 3611 961 3691 capite,
976 3611 1142 3691 alloquens,
1162 3612 1255 3675 dicet:

187 3702 310 3793 Liebe,
338 3703 426 3774 vbier
457 3704 701 3776 versammelte
735 3702 912 3775 Christenl
949 3701 1027 3774 Wir
1053 3705 1197 3776 macheu
1222 3705 1319 3776 Euch
1345 3704 1430 3777 be?

84 3806 190 3878 haunt
226 3806 296 3876 und
329 3804 530 3899 bezeugen,
564 3805 642 3880 dass
668 3806 722 3875 die
752 3805 1019 3896 gewdbnlicben
1047 3806 1296 3900 Ausculungen
1331 3830 1405 3877 we-

87 3931 155 4002 geu
187 3907 486 3981 beverstebeuder
519 3906 594 3977 Ehe
625 3906 746 3978 beider
779 3911 1066 4001 gegenwtirtigcu
1094 3907 1285 3980 Verlobten
1306 3906 1346 3980 N.
1362 3905 1402 3978 N.

86 4012 155 4082 und
168 4011 208 4082 N.
223 4009 264 4082 N.
287 4009 376 4081 ohne
397 4013 534 4102 einigen
551 4008 802 4105 Widerspruch
823 4008 1021 4102 gescheben
1041 4010 1135 4098 sind,
1154 4011 1222 4081 und
1244 4012 1285 4080 da
1303 4009 1404 4080 beide

84 4116 166 4186 ietut
189 4136 251 4184 uur
277 4110 352 4182 Ehe
378 4112 552 4184 schreitcn
577 4112 722 4200 wallon,
756 4133 796 4185 sc
824 4112 1009 4183 ermabnen
1031 4116 1098 4185 wir
1120 4112 1217 4183 Euch
1240 4110 1404 4200 abermal,

87 4215 185 4306 dass,
214 4236 320 4286 wenn
346 4213 452 4284 Einer
475 4236 536 4287 aus
558 4213 656 4284 Euch
686 4223 796 4288 etwas
819 4216 944 4304 weiss,
970 4237 1046 4288 was
1073 4215 1168 4287 diese
1189 4212 1264 4281 Ehe
1293 4213 1405 4285 recht-

86 4321 257 4410 massigcr
274 4315 396 4389 Weisc
418 4316 628 4388 verbindern
653 4312 794 4405 hdnnte,
822 4339 861 4387 er
878 4338 942 4389 uns
969 4316 1108 4390 sulcbes
1130 4312 1406 4404 angenbbehbcb

53 4437 59 4444 ·
88 4423 241 4511 anzeige.
294 4417 342 4491 Es
371 4417 570 4489 unterstebc
607 4415 680 4490 sich
711 4417 794 4490 aber
827 4417 994 4490 Niemend
1027 4421 1083 4489 ein
1110 4414 1313 4490 Hinderniss
1343 4437 1404 4491 aus

86 4518 228 4595 Bosbeit
249 4521 318 4591 und
345 4521 435 4593 ohne
454 4519 609 4593 Ursache
634 4519 900 4614 voruubringen.

190 4632 221 4692 Si
235 4631 326 4694 luerit
339 4650 482 4695 concessa
496 4630 679 4713 dispensatio
694 4631 732 4694 de
748 4633 848 4712 aliquo
863 4631 1083 4712 impedimento,
1100 4631 1149 4694 rel
1165 4629 1203 4694 de
1217 4631 1334 4711 bannis,
1354 4630 1408 4709 ved
