3202 5176
699 317 771 388 351

74 496 330 594 Deproiundis.
362 507 428 570 Non
447 508 553 571 dieitur
567 496 695 573 Gloria.
725 500 1028 573 Domineexaudi.
1061 509 1128 573 Non
1143 511 1249 574 dieitur
1262 496 1390 577 Gloria.

74 610 190 686 Quibus
205 611 294 671 fluitis
307 611 449 673 Pontifex
462 619 548 674 stans
558 620 626 674 ante
639 614 733 692 ipsam
748 630 866 674 erucem
880 614 1005 676 mediam
1020 611 1155 694 deposita
1167 616 1251 678 mitra
1265 617 1353 679 dicit:

180 704 325 777 Oramus.
368 703 505 777 Adesto
528 727 734 799 quaesumus
754 705 910 789 Domine,
923 705 1032 796 Deus,
1055 706 1229 802 ohsequiis
1249 711 1391 798 nostris,

73 807 269 877 innomine
295 815 354 878 tuo
377 806 467 878 hunc
489 807 603 878 locum
623 807 837 882 visitantibus
864 818 899 880 et
920 817 1061 882 nostrae
1082 809 1276 901 fragilitatis
1295 813 1391 881 mini-

53 908 201 996 sterio,
224 917 259 979 et
278 910 367 982 siout
388 908 594 983 benedixisti
618 930 682 1005 per
703 931 823 982 manus
852 932 1035 985 servorum
1056 920 1193 983 tuorum
1215 911 1391 1000 Abrahae,

74 1007 173 1082 Isaac
200 1017 234 1080 et
255 1008 360 1081 Iacob
386 1020 514 1082 terram
536 1011 734 1107 sepultarae
760 1034 844 1085 suae
870 1014 1177 1108 peregrinationis,
1203 1017 1263 1103 ita,
1286 1035 1391 1107 quae-

73 1132 190 1185 samus
204 1111 364 1203 Domine,
382 1109 512 1203 hene†
523 1113 651 1202 dicere,
671 1113 926 1207 sanctificare
945 1125 979 1185 et
998 1136 1104 1186 conse
1112 1111 1253 1205 †,crare
1272 1114 1391 1207 digne-

73 1215 122 1286 ris
144 1214 212 1285 hoc
234 1217 479 1287 coemeterium
504 1218 616 1310 pretio
639 1215 813 1308 Unigeniti
839 1216 917 1287 Filii
942 1219 992 1287 tui
1014 1217 1152 1287 Domini
1177 1218 1285 1291 nostri
1311 1215 1392 1291 lesu
1483 1298 1485 1302 ¹

75 1313 202 1388 Christi
234 1320 409 1410 sanguinis
435 1320 552 1413 typice
579 1328 831 1413 comparatum,
869 1317 913 1389 ad
939 1328 1080 1391 nostrae
1105 1320 1392 1415 peregrinationis

49 1436 224 1512 *corpora
247 1418 468 1513 quiescenda,
496 1418 608 1490 donec
628 1441 692 1515 per
718 1420 864 1491 eundem
890 1421 1073 1492 Dominum
1099 1430 1256 1494 nostrum
1277 1420 1392 1493 lesum
1504 1430 1510 1441 ”

75 1515 247 1592 Christum
269 1520 312 1590 de
332 1520 480 1615 pulvere
500 1519 544 1590 ad
566 1519 712 1611 gloriam
733 1522 842 1594 dones
860 1521 1084 1615 resurgenda.
1124 1521 1191 1607 Qui
1208 1533 1323 1595 tecum
1340 1524 1392 1595 vi-

73 1624 125 1692 vit
148 1629 183 1690 et
204 1631 327 1712 regnat
350 1623 385 1691 in
408 1624 536 1692 unitate
556 1619 701 1716 Spiritus
723 1621 840 1693 Sancti
862 1623 968 1695 Deus.
1012 1632 1127 1692 Deinde
1150 1633 1292 1711 mediocri
1314 1649 1392 1695 voce

75 1731 209 1792 extensis
222 1732 356 1794 manibus
371 1741 441 1795 aute
454 1731 882 1812 pectasdicitPraelationem.
905 1723 972 1795 Per
988 1727 1100 1795 omnia
1114 1725 1256 1796 saecula
1272 1746 1392 1799 saecu·

75 1824 197 1895 lorum.
241 1829 284 1916 lp.
297 1825 446 1909 'Amen'
481 1824 648 1899 Dominus
676 1824 866 1898 vobiscum,
915 1829 957 1916 lt.
987 1824 1032 1896 Et
1065 1847 1142 1896 cum
1170 1826 1291 1922 spiritu
1321 1834 1390 1898 tuo.

75 1923 221 1999 Sursum
249 1928 363 1999 corda.
408 1925 942 2019 lit.1HabemnsadDominum.
992 1924 1126 2000 Gratias
1153 1948 1294 2020 agamus
1321 1926 1426 2017 Do».
1527 2007 1529 2012 ,

73 2031 166 2099 mino
185 2027 263 2100 Deo
290 2040 420 2103 nostro.
463 2034 506 2121 lh.
530 2029 680 2122 Dignum
701 2040 736 2102 et
758 2031 884 2102 iustum
907 2040 967 2104 est.
1010 2027 1106 2100 Vere
1126 2029 1265 2122 dignum
1289 2040 1323 2100 et
1343 2033 1393 2101 iu·

74 2140 163 2202 stum
190 2141 262 2222 est,
291 2154 438 2227 aequum
465 2131 692 2220 creatutura,
721 2153 786 2204 nos
812 2131 873 2203 tibi
893 2151 1030 2228 semper
1056 2140 1091 2202 et
1116 2130 1243 2226 ubique
1266 2134 1394 2224 gratias
1527 2120 1535 2133 ’

75 2243 204 2324 agere,
226 2233 373 2306 Domine
394 2245 525 2323 sancte,
540 2233 649 2305 ›Pater
669 2236 903 2330 omnipotens,
923 2244 1064 2306 aeterne
1078 2232 1193 2322 Deus,
1215 2234 1283 2306 Per
1297 2230 1394 2304 Ghri-

75 2345 165 2409 stum
194 2335 378 2407 Domiuum
403 2345 576 2425 nostrum,
612 2338 749 2429 quiest
776 2336 1058 2424 dissociemur,
1092 2335 1155 2407 lux
1179 2333 1393 2424 indeficiens,

76 2436 214 2509 claritas
236 2441 462 2532 sempiterua3
490 2439 548 2532 qni
573 2437 625 2509 sic
649 2457 818 2532 sequaces
840 2459 923 2512 suos
945 2439 980 2508 in
1002 2437 1115 2508 lucem
1135 2438 1302 2532 praecipit
1324 2459 1394 2508 aru-

75 2537 197 2609 halare
228 2550 266 2610 ιιι
294 2542 406 2613 noctis
433 2549 596 2611 aeternae
622 2538 761 2610 valeant
787 2539 970 2631 caliginem
996 2539 1148 2611 evadere
1175 2536 1279 2609 etad
1306 2538 1393 2625 lucis
1527 2621 1529 2626 ¹

74 2643 220 2735 patriam
232 2641 381 2713 feliciter
397 2644 600 2738 pervenire3
620 2643 679 2735 qui
694 2664 758 2736 per
776 2641 1015 2712 humanitatem
1032 2649 1214 2714 assumtam
1228 2638 1394 2710 Lanarum

75 2739 183 2833 flevit,
202 2766 267 2839 per
293 2745 479 2817 divinitatis
504 2745 691 2840 potentiam
713 2741 805 2815 vitae
826 2743 985 2833 reddidit,
1006 2753 1108 2837 atque
1130 2741 1313 2813 humanum
1333 2763 1408 2833 ger

77 2850 142 2918 nus
176 2847 363 2940 quadrifida
389 2856 610 2941 peccatorum
636 2845 728 2916 mole
755 2845 914 2917 obrutum
940 2845 983 2914 ad
1009 2847 1114 2917 vitam
1140 2843 1300 2930 reduxit;
1330 2865 1394 2939 per

78 2970 179 3041 quem
202 2958 237 3019 te
256 2949 404 3021 Domine
431 2949 630 3044 suppliciter
657 2947 881 3042 deprecamur
901 2957 939 3018 ιιι
965 2949 1023 3042 qui
1042 2949 1077 3016 in
1096 2946 1163 3017 hoc
1185 2946 1394 3041 sepelientur

77 3048 292 3144 polyandro,
314 3054 349 3121 in
369 3053 573 3140 novissimo,
597 3072 674 3120 cum
701 3049 804 3122 tubae
826 3049 1098 3145 perstrepuerint
1118 3047 1350 3140 Angelorum,
1373 3069 1395 3116 a

77 3161 300 3245 peccatorum
320 3151 467 3224 nexibus
488 3151 638 3223 absoluti
656 3162 689 3222 et
710 3165 872 3223 aeternae
891 3151 1046 3223 felicitati
1064 3150 1190 3222 redditi
1207 3157 1242 3220 et
1258 3157 1394 3222 sancto-

76 3274 153 3323 rum
175 3251 329 3327 coetibus
349 3254 604 3341 connumerati,
624 3260 659 3324 te
680 3256 738 3346 qui
758 3274 796 3327 es
814 3256 885 3326 vita
907 3263 1047 3324 aeterna
1064 3252 1250 3344 benignum
1275 3260 1310 3322 et
1333 3249 1406 3331 mi-,

76 3353 289 3427 sericordem
310 3356 486 3428 inveniant
507 3363 545 3425 ιιι
564 3363 599 3425 te
620 3364 796 3427 auctorem
816 3357 909 3427 vitae
930 3355 1124 3427 exultantes
1142 3375 1219 3424 cum
1239 3352 1395 3426 omnibus

78 3453 213 3529 Sanctis
241 3456 448 3528 collaudent.
497 3465 583 3541 Quod
605 3468 738 3546 sequitur
760 3466 830 3528 dicit
848 3467 937 3546 plane
952 3464 1101 3544 legendo,
1120 3465 1272 3526 itartaruen
1287 3464 1401 3545 quoda

78 3568 349 3630 circumastantibus
363 3568 511 3631 audiatur:
534 3558 603 3630 Per
624 3558 808 3632 Dominum
829 3567 984 3633 nostrum
1000 3557 1124 3631 iesum
1146 3555 1316 3632 Christum
1338 3556 1395 3630 Fi·

77 3659 161 3730 lium
173 3667 280 3749 tuum,
295 3665 353 3756 qui
365 3673 479 3734 tecum
493 3668 557 3733 eto.
576 3664 620 3756 Iit
640 3660 764 3734 Amen
786 3672 858 3734 'lam
873 3670 1019 3732 thuriiioat
1033 3687 1150 3731 crucem
1163 3671 1268 3750 ipsam,
1284 3679 1315 3731 et
1328 3669 1395 3731 lixis

76 3779 110 3831 nt
123 3779 209 3832 antea
224 3771 318 3834 tribus
335 3772 467 3835 candelis
484 3775 514 3833 in
529 3773 694 3835 summitate
709 3775 783 3855 eins,
799 3782 881 3837 stans
895 3790 1001 3834 versus
1019 3771 1161 3853 adipeam
1176 3791 1293 3834 cracem
1308 3771 1394 3842 dioit;

183 3865 328 3940 Oramus.
374 3874 412 3937 Et
430 3877 572 3948 ministri;
591 3866 793 3958 .Flectamns
821 3887 943 3961 genua.
986 3872 1030 3959 lt.
1057 3864 1197 3938 Levate.
1247 3864 1394 3936 Domine

77 3962 196 4041 sancte
219 3967 323 4040 Pater
343 3971 570 4066 omnipotens,
598 3978 739 4042 aeterne
761 3970 871 4060 Deus,
897 3969 1055 4041 locorum
1077 3971 1227 4042 omnium
1249 3961 1395 4040 sanctiti-

78 4078 176 4141 cator
202 4078 238 4141 et
263 4072 299 4142 in
323 4071 446 4146 mehus
472 4071 701 4162 reformator,
733 4095 754 4144 a
781 4095 848 4168 qno
877 4079 911 4143 et
936 4093 999 4168 per
1026 4095 1128 4168 quem
1155 4069 1264 4144 omnis
1289 4066 1395 4139 hene-

79 4170 182 4244 dictio
204 4171 248 4243 de
268 4174 377 4247 coelis
397 4173 574 4249 descendit
595 4177 630 4246 in
651 4183 791 4264 terram,
813 4174 903 4247 bene
923 4174 956 4268 ι
979 4174 1096 4247 dicere
1115 4174 1257 4264 dignare
1278 4169 1395 4241 locum

77 4274 192 4363 istum,
215 4284 252 4346 ut
274 4277 318 4348 sit
339 4275 581 4372 polyandrum,
604 4298 668 4352 sen
689 4279 946 4368 coemeterium,
968 4277 1078 4351 dulcis
1097 4273 1235 4368 requies
1258 4280 1292 4344 et
1310 4293 1394 4368 pau·
1498 4290 1501 4295 ·

80 4376 167 4448 satio
190 4387 415 4470 mortuorum,
439 4400 584 4474 quorum
605 4381 749 4472 animae,
773 4402 918 4476 quarum
935 4400 1082 4476 corpora
1101 4376 1158 4447 hic
1178 4376 1312 4471 sepulta
1334 4368 1395 4446 vel

21 4494 28 4511 ⁹
80 4477 279 4572 sepelienda
306 4491 396 4573 sunt,
422 4480 638 4557 iucunditatis
662 4490 743 4554 tuae
770 4483 952 4570 dulcedine
977 4484 1161 4577 potientem
1187 4480 1322 4574 sintque
1343 4478 1394 4548 in·

80 4582 180 4651 terim
198 4582 234 4651 in
255 4604 404 4679 superna
421 4582 610 4660 Ierusalem
628 4585 817 4677 gaudentes
835 4596 870 4660 et
886 4587 1066 4675 laetantes,
1087 4584 1199 4658 donec
1215 4583 1392 4672 inmagno
