3202 5176
761 354 998 423 1771ι

142 538 239 608 tione
265 543 387 631 pectus
412 527 566 617 nostrum
593 536 736 630 mystica
770 537 871 607 clave
899 536 1098 610 claudamus
1126 560 1167 608 ac
1194 538 1291 609 labiis
1319 540 1458 629 clausis,

142 636 341 732 incorrupta
363 646 477 707 mente
496 636 573 708 Deo
601 637 807 730 loquamur·
827 639 923 712 Deus
951 649 1063 709 autem
1087 651 1206 714 noster
1227 640 1307 712 fidei
1333 653 1367 714 et
1390 662 1460 712 non

127 756 134 771 ·
142 742 244 813 vocis
269 738 404 810 audito'r
424 748 486 811 est
523 736 709 811 Claudatur
731 761 817 831 ergo
837 740 938 817 olavo
958 738 1038 812 lidei
1059 752 1180 838 pectus
1201 753 1355 816 nostrum
1376 764 1458 823 con-

140 852 197 914 tra
229 839 369 914 insidias
396 839 593 917 aduersarii
620 852 654 913 ct
686 841 753 914 soli
786 841 862 913 Deo
894 853 1033 936 pateat,
1066 847 1163 918 cuius
1190 845 1353 950 templum
1380 856 1459 919 csse

142 945 379 1034 cognoscitur,
400 953 449 1032 ut,
472 965 549 1014 cum
572 942 724 1014 habitat
715 966 751 1013 ιιι
770 943 931 1017 cordibus
954 947 1120 1034 nostris,
1110 967 1184 1041 lpse
1206 950 1249 1019 sit
1269 937 1458 1019 a'dvocatus

137 1046 179 1115 'in
204 1043 365 1139 precibus
398 1047 535 1117 nostris.
588 1045 685 1138 Ergo
708 1045 774 1116 Doi
801 1068 915 1118 sermo
947 1058 980 1117 et
1011 1046 1076 1117 Dei
1109 1051 1273 1142 sapientia
1304 1045 1458 1120 Christus

143 1144 312 1218 Dominus
336 1155 457 1219 noster
477 1145 571 1216 bano
594 1151 784 1238 orationem
805 1169 869 1221 nos
891 1149 1007 1221 docuit
1034 1151 1080 1219 ita
1103 1171 1225 1220 oraro.

247 1290 388 1370 Sequitur
401 1290 504 1352 Oratio
519 1290 673 1354 Dominica
692 1292 805 1353 adiecta
824 1291 908 1353 brevi
931 1279 1170 1383 expositione¹).
1214 1295 1246 1355 ln
1269 1295 1324 1354 bne
1349 1293 1457 1354 adnun-

144 1392 196 1454 tiat
222 1391 384 1454 Diaconos
398 1402 429 1454 ut
457 1395 617 1472 suprad
577 1382 672 1458 State
699 1398 762 1456 etc.
791 1402 822 1455 et
848 1392 1010 1472 Presbyter
1035 1395 1155 1457 subiicit
1181 1396 1270 1457 baec:
1303 1385 1458 1458 Audistis

144 1484 355 1558 dilectissimi
390 1485 593 1569 Dominicae
628 1490 791 1560 orationis
815 1497 946 1559 sancta
987 1491 1175 1582 mysteria.
1211 1510 1302 1559 nunc
1338 1497 1458 1558 cuntes

145 1609 186 1658 ea
212 1589 340 1660 vestris
367 1586 539 1660 cordibus
560 1590 747 1659 innovate.
781 1599 817 1658 ut
832 1589 883 1658 'ad
902 1590 1114 1660 exorandam
1143 1600 1189 1661 et
1202 1588 1458 1686 percipiendam

143 1686 211 1760 Dei
238 1687 510 1762 misericordiam
539 1687 722 1782 perfecti
712 1710 747 1758 ιιι
775 1685 918 1763 Christo
943 1711 1020 1762 esse
1050 1693 1198 1784 possitis
1253 1691 1380 1764 Potens
1406 1700 1458 1762 est

97 1850 103 1864 .
141 1790 326 1873 Dominus
339 1789 435 1862 Deus
457 1799 600 1862 noster:
630 1798 664 1859 et
686 1812 752 1863 ves
777 1791 833 1884 qui
856 1790 898 1860 ad
920 1789 1021 1860 fidem
1044 1795 1189 1865 curretis
1213 1791 1255 1861 ad
1283 1789 1458 1861 lavacrum
1503 1812 1511 1827 ·
1548 1854 1552 1861 .

142 1914 255 1993 aquae
276 1894 551 1984 regenerationis
576 1891 741 1989 perducat
758 1901 821 1962 etc.
846 1911 877 1961 at
898 1920 995 1981 supra.
1035 1901 1087 1963 llis
1112 1903 1196 1964 dictis
1220 1903 1371 1963 adnuntiat
1393 1902 1458 1962 itia·

144 2022 254 2067 conus:
286 1990 530 2065 Catechutneni
555 1994 729 2067 recedant.
773 2002 892 2064 Eireunt
918 2004 999 2066 lonas
1021 2015 1056 2065 et
1081 2006 1272 2085 prosequitur
1288 2003 1459 2080 Presbyter

142 2104 262 2167 llissam
270 2092 315 2181 ².)
344 2106 443 2166 Sacris
458 2108 588 2185 peractis
604 2105 791 2168 denuntiatur
805 2103 1029 2168 catechumenis
1051 2106 1265 2169 redeuntibus
1257 2126 1286 2167 ιιι
1302 2106 1458 2169 ecclesiam
1522 2180 1527 2191 Ι

143 2208 321 2275 scrutinium
336 2217 478 2288 quartum.
1223 2262 1232 2281 ‚
1305 2212 1316 2227 ·

249 2299 452 2385 Quartum
473 2309 649 2370 Scmtinium
671 2309 837 2374 celebratur
850 2313 926 2375 lenia
942 2322 1043 2394 quarta
1064 2322 1133 2392 post
1146 2312 1329 2375 Dominicam
1343 2296 1457 2370 Passio

122 2402 207 2490 nis,
232 2405 426 2497 quintum
452 2411 583 2471 sabbato
600 2411 731 2472 eiusdem
747 2394 956 2491 bebdomadisq
984 2415 1153 2478 sextum
1172 2415 1249 2475 feria
1269 2420 1369 2492 quarta
1388 2419 1458 2490 post
1477 2423 1482 2431 ·

142 2514 328 2576 Dominicam
342 2511 514 2574 Palmarum.
543 2512 612 2572 Ritu
623 2532 657 2572 ac
670 2516 855 2576 caerimoniis
870 2535 930 2577 non
945 2516 1114 2595 discrepant
1128 2534 1144 2575 a
1159 2517 1253 2594 primo
1269 2524 1299 2573 et
1317 2511 1457 2573 secundo.
1477 2506 1483 2517 ’

247 2601 483 2701 Septimo-itt
509 2614 704 2688 scrutinium,
726 2616 814 2696 'quod
840 2627 965 2678 vocatur
992 2606 1313 2678 In'reddilione
1336 2602 1457 2695 Sym·
1534 2604 1537 2609 ¹

143 2708 236 2781 boli
260 2715 389 2779 Sabbato
411 2726 514 2777 sancto
534 2716 841 2779 Pascbatis'habctur.
875 2718 1042 2787 Procedant
1061 2716 1097 2778 ad
1112 2716 1285 2792 ecclesiam,
1302 2715 1351 2794 qtri
1365 2713 1459 2792 bapti·

144 2820 229 2883 madi
247 2828 315 2883 sont
335 2827 365 2880 et
383 2818 509 2880 reddunt
522 2818 551 2879 b.
568 2838 594 2879 c.
614 2820 784 2882 memoriter
797 2823 922 2883 recitant
936 2820 1109 2898 Symbolum
1129 2817 1158 2880 ct
1174 2818 1344 2879 Orationem
1358 2815 1458 2879 Domi·

142 2924 244 2984 nicam'
256 2923 345 2983 latina
357 2922 406 2982 vel
424 2938 532 3000 graeca
545 2921 664 2999 lingua,
683 2940 740 3001 qua
759 2921 905 2984 Christum
928 2924 1116 2985 cantitentur.
1157 2919 1196 2980 m
1215 2920 1352 2998 imposita
1373 2936 1458 2977 mano

142 3044 235 3106 super
249 3025 343 3104 capita
357 3024 540 3103 singulorum
554 3023 625 3086 dicit
643 3025 807 3099 Spcerdos:
828 3014 903 3087 Neo
920 3027 954 3087 le
973 3015 1019 3085 lat
1006 3023 1076 3086 leat
1099 3010 1290 3101 Satanas,'
1281 3013 1458 3080 imminere

139 3116 203 3189 titii
231 3125 418 3223 tormenta,
445 3113 623 3217 imminere
651 3116 711 3188 tibi
738 3117 828 3189 diem
858 3118 996 3205 iudicii,
1030 3116 1120 3187 diem
1150 3113 1333 3208 supplicii,
1369 3111 1458 3181 diem

142 3221 203 3339 qui
228 3230 410 3293 venturus
422 3229 473 3292 est
494 3198 591 3290 velut
618 3218 772 3292 clibanus
794 3220 973 3308 ardens,
963 3241 999 3289 m
1022 3240 1090 3312 quo
1113 3216 1172 3289 tibi
1199 3225 1302 3308 atque
1318 3215 1457 3284 univer·
1493 3256 1497 3264 -

140 3324 191 3395 sis
219 3321 352 3413 angelis
378 3322 445 3394 tuis
471 3325 621 3395 aeternis
650 3324 767 3395 veniet
795 3325 957 3405 interitus
1012 3318 1181 3408 Proinde,
1212 3317 1387 3404 damnate,
1415 3311 1458 3383 da

141 3423 311 3525 honorem
338 3420 414 3492 Deo
440 3425 523 3494 vivo
552 3433 585 3494 et
616 3446 722 3495 vcro.
756 3424 801 3495 da
821 3424 989 3496 bonorem
1015 3421 1096 3494 lesu
1123 3417 1258 3492 Christo
1287 3417 1357 3489 lilio
1384 3418 1485 3489 eius·

103 3566 114 3583 ·
141 3534 180 3596 ct
184 3508 344 3619 Spiritui
370 3520 556 3655 Saqcto,
547 3546 581 3594 ιιι
611 3528 707 3599 cuius
734 3529 874 3597 nomine
899 3536 1001 3619 atquc
1028 3525 1155 3595 virtute
1182 3522 1357 3616 praecipio
1385 3518 1457 3606 tibi,
1532 3612 1537 3623 Ι

231 3782 258 3849 l)
285 3780 404 3837 Sacram.
431 3777 530 3843 Gelasii
553 3783 666 3855 pnlcbro
683 3742 883 3855 interpretatur
907 3780 1046 3839 Orationis
1067 3768 1325 3854 praefatiunculam:
1358 3777 1460 3833 Pater

141 3868 273 3923 noster
289 3873 343 3922 etc.
373 3866 447 3921 llaec
464 3866 600 3925 libertatis
615 3884 670 3923 vox
687 3874 731 3925 cst
749 3876 776 3925 ct
797 3870 876 3941 plcna
889 3867 995 3924 fiducia.
1025 3865 1102 3938 Ergo
1120 3865 1162 3923 bis
1181 3862 1399 3925 vobismoribos
1418 3865 1459 3916 cst

141 3949 306 4020 vivendum,
322 3958 352 4005 ot
370 3957 398 4007 et
418 3950 526 4008 liliilloi
545 3961 574 4008 et
592 3955 691 4009 iratres
704 3953 802 4009 Christi
822 3970 885 4010 esse
902 3951 1025 4026 possitis.
1061 3952 1127 4007 Nam
1147 3951 1254 4006 Patrem
1270 3966 1346 4006 snum
1365 3948 1460 4014 Deum,

142 4038 197 4109 q'ua
212 4035 366 4091 temeritate
382 4035 475 4091 dicero
487 4039 642 4110 praesumit,
657 4038 703 4110 qui
718 4039 752 4093 ab
763 4038 822 4095 cius
834 4032 1161 4109 voluntate-degenerat?
1176 4035 1253 4092 Unde
1264 4051 1324 4103 vos,
1337 4028 1460 4086 dilectis-

143 4120 215 4189 simi,
228 4120 328 4191 dignos
340 4121 467 4179 exbibete
487 4123 635 4195 adoptiono
652 4124 752 4193 divino,
768 4123 894 4194 quoniam
909 4122 1037 4194 scriptum
1052 4129 1109 4178 est:
1135 4121 1274 4191 Quotquot
1285 4112 1461 4171 crediderunt

142 4205 172 4261 in
183 4221 254 4275 cum,
266 4205 342 4260 dedit
357 4207 398 4262 eis
409 4214 573 4278 potestatem
584 4209 656 4264 tilios
668 4208 718 4264 ltei
729 4208 803 4285 ‚lierit
832 4209 873 4264 Ex
892 4207 1093 4281 precationibus
1111 4206 1232 4277 explicat
1247 4200 1326 4256 nobis
1338 4195 1460 4252 Gelasius

143 4288 279 4363 quintam:
295 4291 333 4345 Et
350 4291 492 4347 dimitte
509 4294 634 4350 nobis:
651 4294 710 4349 lloc
721 4302 871 4367 praecepto
883 4293 1120 4365 significans-non
1131 4305 1182 4345 nos
1195 4286 1274 4341 aliter
1285 4290 1461 4354 peccatoram

142 4390 229 4449 posse
245 4376 351 4430 veniam
364 4377 516 4448 promereri
531 4378 582 4433 nisi
601 4379 675 4450 prius
687 4393 737 4434 nos
746 4378 775 4449 iq
789 4395 840 4436 nos
855 4377 1073 4450 delinquentibus
1091 4372 1151 4430 aliis
1162 4371 1329 4438 relaxemus,
1348 4368 1418 4424 sicut
1433 4367 1461 4420 in

142 4458 297 4530 Evangelio
309 4461 439 4517 Dominus
450 4461 533 4518 dicit:
558 4463 615 4520 Nisi
631 4463 786 4520 dimiscritis
804 4471 917 4535 peccata
929 4461 1090 4529 bominibus,
1110 4473 1160 4513 neo
1174 4453 1254 4511 vobis
1272 4455 1352 4509 Pater
1368 4458 1462 4507 vesle?

142 4543 278 4623 dimittet
273 4554 387 4615 peccata
398 4555 499 4602 vostra.

231 4623 355 4703 Docte
375 4639 489 4689 vocatur
506 4631 534 4688 in
555 4632 781 4692 sacramentariis
799 4632 936 4690 llissa
928 4648 962 4688 ιιι
985 4624 1201 4686 'traditione
1223 4619 1393 4692 symboli

1207 4710 1270 4774 12·
