3202 5176
760 337 835 408 otu

187 542 192 551 ·
244 524 362 589 liciade
374 536 515 608 aspergat
528 544 596 589 eum
608 542 683 607 aqua
696 526 860 590 benedicta.

148 618 165 631 ”
242 630 327 704 Quae
342 633 439 693 omnia
453 631 540 692 etiam
553 639 694 711 poterunt
708 629 832 692 arbitrio
845 629 1017 694 Sacerdotis
1031 631 1169 694 breviora
1184 621 1296 709 lieri.¹,)

159 919 211 997 ll.
250 923 377 997 ORDO
404 924 664 998 EXTREMAE
691 925 938 1001 UNCTIONIS
965 927 1030 999 EX
1045 902 1222 999 doulon
1250 926 1439 999 TILIANO

539 1051 571 1124 p.
595 1034 628 1101 9.
640 1026 674 1126 2)
720 1028 819 1102 Sacc.
844 1029 903 1102 IX.
931 1032 992 1102 vel
1012 1029 1055 1101 X.
1217 1040 1220 1046 ‘

242 1170 407 1252 Antequam
424 1182 552 1250 ungatur
568 1174 712 1255 infirmus,
730 1175 907 1237 confiteatur
920 1172 1096 1237 omnimodis
1109 1172 1174 1237 Deo
1190 1183 1218 1234 et
1232 1169 1388 1236 Sacerdoti
1402 1190 1457 1235 suo
1488 1238 1491 1243 ,

141 1272 255 1353 puriter
268 1282 390 1354 peecata
404 1293 455 1335 sua
470 1276 567 1337 omnia
585 1287 614 1338 et
627 1278 899 1353 reconciliationem
918 1279 954 1340 ab
971 1297 1007 1339 eo
1023 1277 1168 1357 percipiat
1183 1276 1314 1357 plenam:
1334 1285 1365 1336 ιιι
1378 1275 1458 1337 uice«

141 1374 223 1436 ribus
242 1385 431 1456 peccatorum
452 1379 644 1441 confessione
658 1390 818 1461 purgatos,
839 1379 987 1463 adapertis
1001 1379 1107 1459 dignus
1122 1379 1259 1460 proliciat
1273 1380 1299 1440 ei
1314 1370 1458 1440 unctioni·

139 1674 212 1714 nunc
224 1674 278 1714 non
291 1657 405 1728 amplius
419 1665 556 1728 servatur,
571 1659 695 1714 nimirum
709 1666 738 1714 ut
751 1676 843 1715 coram
858 1660 966 1715 Inlirmo
980 1659 1102 1729 quotidie
1116 1660 1234 1714 recitent
1244 1657 1332 1714 lloras
1344 1659 1458 1714 canoni*

140 1760 188 1799 cas
200 1743 245 1797 vel
258 1741 296 1797 de
310 1749 435 1812 tempore
449 1741 492 1796 rel
506 1758 558 1813 pro
573 1743 688 1798 infirmis
703 1744 878 1815 compositas.
898 1744 937 1798 lta
950 1743 1044 1798 Codex
1055 1742 1174 1799 Tilianus
1188 1744 1314 1813 „debent
1326 1743 1406 1797 etiam
1424 1757 1459 1798 ex

70 1813 76 1829 ⁸
139 1826 271 1883 ministris
282 1835 393 1883 sanctae
405 1827 558 1883 eccelesiae
570 1845 630 1884 cum
640 1845 741 1884 summa
753 1827 907 1885 reverentia
919 1827 1033 1884 infirmis
1044 1826 1190 1883 decantare
1201 1844 1251 1899 per
1264 1827 1387 1896 singulos
1399 1825 1459 1882 dies

141 1919 169 1967 et
181 1919 278 1967 noctes
290 1911 487 1983 vespertinales
500 1919 527 1968 et
539 1911 709 1969 matutinales
720 1910 814 1970 laudes
828 1913 947 1985 pleniter
958 1912 1027 1969 sicut
1039 1928 1098 1967 mos
1110 1919 1152 1968 est
1162 1904 1189 1966 in
1199 1911 1347 1968 ecclesia.“
1362 1910 1458 1967 Codex

139 1996 281 2052 Remensis
297 2013 324 2068 p.
336 1999 353 2050 9
370 1994 426 2066 „Et
434 1997 485 2050 Vll
497 1995 612 2072 diesvel
625 1997 828 2071 multoplures,
846 1998 869 2053 si
881 1997 1031 2054 necessitas
1043 1995 1139 2066 inerit,
1157 2004 1211 2051 tam
1223 1996 1256 2051 de
1270 1995 1457 2051 communione

141 2098 219 2153 quam
235 2080 270 2136 de
284 2081 340 2135 alio
351 2081 445 2135 cilicio
457 2096 524 2152 erga
537 2082 668 2137 inlirmum
681 2083 739 2138 dat:
756 2091 784 2139 ot
794 2083 865 2140 sicut
875 2081 1025 2154 Apostolus
1038 2080 1113 2152 dicit,
1124 2081 1206 2137 immo
1218 2079 1333 2153 Spiritus
1344 2079 1459 2137 Sanctus

140 2182 191 2238 per
203 2182 263 2222 eum
274 2166 325 2221 ait:
337 2167 365 2223 Si
376 2166 404 2220 in
416 2167 538 2236 peccatis
551 2169 632 2223 luerit
640 2167 807 2225 dimittentur
815 2168 850 2224 ei.
866 2167 1061 2223 Debentetiam
1068 2182 1104 2222 ex
1111 2166 1240 2222 ministris
1247 2172 1357 2222 sanetae
1367 2166 1458 2221 eccle-

140 2251 198 2307 siae
211 2266 361 2324 proeurare
368 2258 396 2305 ut
403 2250 533 2307 (laconici
540 2266 636 2308 cursus
645 2253 717 2308 cirea
726 2252 980 2322 condecantemus,
997 2252 1027 2307 id
1034 2259 1077 2309 est
1084 2251 1239 2322 matutinae,
1255 2250 1352 2322 prima,
1367 2250 1447 2307 tertia

140 2343 229 2405 sexis,
242 2351 486 2405 nona,vesperum‚
497 2337 704 2408 completorium
711 2336 1099 2408 Quodsillpiscopusalluerit,
1107 2335 1423 2404 heuedictionemdabit;
1434 2353 1449 2391 s

141 2436 196 2475 non
214 2419 314 2501 singuli
326 2417 491 2475 Sacerdotes
507 2419 629 2490 singulas
642 2418 1000 2477 hasorationesdicantetc.
1003 2422 1023 2451 ‘²
1049 2419 1174 2477 Ollrcium
1189 2421 1328 2495 proprium
1343 2435 1458 2492 quaeras

142 2502 213 2576 apud
226 2494 532 2559 Bioterimiumllenlrw.
541 2505 654 2577 v1‚3‚p.
665 2506 750 2577 eosq.
772 2505 924 2574 Dellpmno
938 2505 1079 2561 Christe
1095 2505 1269 2560 coelestis
1285 2503 1458 2559 medicina

140 2588 258 2662 patris
274 2587 527 2643 adeasThesuurum
541 2605 628 2644 meum
636 2590 800 2660 Hymnolog
808 2591 828 2648 l
837 2606 866 2661 p.
876 2587 926 2642 198
934 2606 976 2660 sq
993 2589 1117 2645 Ceterum
1131 2596 1223 2643 notum
1232 2596 1274 2645 esi
1282 2601 1374 2644 coram
1383 2587 1460 2642 lnlir

140 2673 191 2731 mis
202 2689 312 2745 saepius
319 2673 414 2728 lirssas
422 2672 683 2730 celebratasesseao
691 2674 826 2730 celebrari
834 2673 950 2744 undeque
959 2674 1058 2729 multae
1065 2671 1246 2730 exstantliirs
1256 2690 1315 2729 sae
1328 2688 1393 2744 pro
1409 2671 1460 2726 Ιιιὁ

140 2758 254 2815 iirmis
263 2758 291 2812 in
299 2757 377 2814 libris
385 2757 531 2829 liturgicis.
544 2760 652 2816 liissale
660 2761 806 2816 Romanurn
814 2758 973 2815 hodiernum
980 2759 1139 2814 hanchalret
1147 2778 1154 2814 :
1162 2758 1312 2815 lutroitu
1321 2777 1343 2815 s.
1355 2755 1460 2813 Exaudi

139 2845 212 2900 Deus
224 2843 376 2898 orationem
389 2835 477 2898 meam
490 2850 517 2899 et
536 2861 570 2900 ne
586 2843 745 2916 despexeris
759 2843 980 2918 deprecationem
993 2860 1088 2916 meam,
1101 2841 1211 2900 intende
1226 2843 1252 2898 in
1268 2860 1309 2898 me
1322 2850 1349 2897 et
1361 2841 1460 2898 exaudi

140 2923 212 2989 me*.
229 2928 411 2984 Contristetus
419 2927 511 2984 sumin
519 2928 716 2990 exercitatione
726 2946 783 2985 mea
794 2929 820 2984 el
828 2928 1070 2993 conlurbatussum
1079 2945 1093 2983 a
1103 2921 1279 2983 voceinimici
1289 2926 1460 2984 ctatrihula-

140 3012 392 3084 lionepeceatoris.
419 3013 521 3072 Gloria.
549 3013 661 3070 Exaudi.
693 3013 829 3070 Oratio.
860 3012 1038 3085 Omnipotens
1053 3013 1218 3086 sempiterne
1230 3014 1313 3082 lleus,
1323 3013 1396 3068 salus
1411 3028 1460 3066 ae-

140 3105 219 3154 terna
235 3096 403 3152 credentium
417 3105 447 3152 ιιι
457 3114 547 3170 snpra.
573 3099 755 3170 Epistola.
782 3101 835 3154 lae.
850 3098 884 3168 V,
899 3097 1020 3155 13-16.
1044 3096 1226 3153 Gradualc.
1252 3097 1383 3152 Miserere
1396 3094 1459 3150 milri

140 3180 254 3237 Domine
276 3184 402 3253 quoniam
421 3181 543 3237 indrmus
563 3199 621 3238 sum
633 3198 698 3238 sana
715 3200 757 3239 me
769 3177 920 3241 Domine*.
950 3182 1115 3238 Conturbata
1137 3190 1200 3238 sunt
1215 3182 1304 3238 omnia
1322 3197 1385 3237 ossa
1399 3195 1459 3234 mea

141 3273 170 3323 et
186 3265 274 3321 anima
286 3281 346 3321 mea
364 3265 469 3322 turbata
485 3273 528 3322 est
541 3267 629 3322 valde.
654 3267 707 3323 ΑΙΙ.
723 3263 800 3324 All*
843 3267 958 3322 Domine
974 3267 1071 3322 exaudi
1086 3267 1238 3323 orationem
1254 3280 1339 3321 meam
1358 3273 1386 3321 et
1401 3266 1459 3320 cla-

141 3368 201 3407 mor
219 3369 294 3408 meus
312 3350 347 3406 ad
368 3358 396 3405 te
419 3351 561 3422 perveniat
581 3352 636 3408 nti.
670 3352 842 3422 Evangel.
859 3352 950 3407 dietih.
969 3352 1169 3420 vitan-14.
1202 3351 1329 3407 Oiiert.
1355 3348 1458 3405 Exaudi

140 3437 213 3492 Deus
225 3435 377 3491 orationem
392 3443 517 3490 meamet
532 3451 566 3491 ue
582 3436 744 3508 despexeris
759 3435 979 3508 deprecationem
994 3449 1091 3505 meam,
1105 3434 1215 3490 intende
1227 3435 1253 3490 in
1266 3451 1308 3489 me
1320 3440 1348 3489 et
1363 3432 1460 3491 exaudi

141 3537 194 3575 ma.
223 3520 264 3574 Se
275 3527 382 3574 oreta.
408 3518 479 3576 ileos
495 3520 569 3574 cuius
581 3520 689 3578 nutibus
701 3523 774 3577 vitae
786 3527 898 3576 nostrae
912 3527 1047 3575 momenta
1060 3519 1222 3574 decurram:
1236 3520 1345 3592 suscipe
1360 3534 1460 3592 preces

141 3611 170 3660 et
180 3604 284 3659 hostias
300 3604 461 3663 famulorum
476 3612 599 3676 tuorum,
616 3621 667 3677 pro
680 3606 776 3678 quihus
791 3606 997 3676 aegrotantibus
1013 3603 1228 3660 misericordiam
1244 3611 1313 3661 tuem
1328 3604 1459 3677 implora·

141 3705 220 3744 musa
231 3695 261 3743 ut
276 3687 310 3742 de
326 3705 439 3759 quorum
450 3689 573 3762 periculo
587 3691 740 3760 metuimus,
756 3690 897 3746 decorum
911 3690 999 3745 salute
1014 3691 1155 3744 laetemur.
1186 3688 1396 3745 communio.
1423 3688 1460 3744 ll-

140 3773 240 3830 lumina
253 3773 352 3828 laniem
366 3780 436 3830 tuam
448 3790 531 3847 super
545 3791 652 3831 serrum
664 3781 737 3832 tuum
754 3782 782 3830 et
793 3774 894 3831 salvum
905 3775 949 3830 iao
960 3773 986 3828 in
1000 3779 1044 3830 tua
1056 3773 1258 3830 misericordia:
1277 3772 1389 3830 [lemine
1405 3789 1459 3829 non

141 3857 294 3915 confundar
309 3857 436 3930 quoniam
448 3860 574 3916 invocari
591 3868 627 3917 te.
660 3861 793 3918 Postoo
803 3859 925 3916 mmuni
935 3874 963 3914 o.
994 3857 1066 3914 [leus
1081 3858 1243 3917 iniirmitatis
1257 3861 1389 3916 humanae
1403 3857 1460 3913 siu·

141 3945 238 4014 gulare
253 3942 417 4015 praesidium
433 3951 531 4004 etant
547 3958 637 4018 supra.
657 3957 660 3963 ·

91 4016 95 4023 ⁸
203 4030 234 4103 2)
252 4028 341 4084 Gum'
334 4045 361 4083 ιιι
377 4029 567 4085 vetustissimis
578 4028 837 4100 sacramentariis,
830 4041 910 4084 immo
926 4027 953 4082 in
965 4022 1158 4099 antiquissimis
1170 4025 1379 4085 Sacrameniarii
1391 4023 1459 4079 Gre-

132 4113 251 4184 goriani
263 4112 410 4169 (lodicibus
426 4113 493 4169 ritus
504 4113 649 4170 Extremae
660 4114 803 4172 Unctionis
818 4112 1025 4184 desiderentur,
1041 4113 1179 4168 audiamus
1196 4128 1310 4168 necesse
1329 4117 1370 4167 est
1384 4106 1458 4180 saec

140 4198 186 4254 lx-
197 4199 268 4256 etX.
282 4198 460 4254 membranas.
491 4198 580 4255 Habes
588 4199 683 4255 (iodrcr
697 4199 802 4254 'liliano
814 4192 1008 4276 rropnlipioo
1018 4198 1182 4254 Cadrcems
1191 4196 1273 4264 Eligii
1287 4195 1327 4268 (m
1336 4202 1389 4265 qno
1396 4193 1462 4249 llio

69 4277 75 4284 '
141 4282 262 4339 terimius
276 4283 437 4339 audacrus
417 4299 551 4340 saucerum
567 4282 695 4355 Gregorii
708 4284 789 4340 ritum
804 4290 913 4340 exstare
928 4277 1034 4357 putat),
1050 4283 1179 4338 codicem
1194 4278 1316 4350 lietoldi,
1331 4277 1461 4334 (indicens

142 4369 310 4429 lismensem.
330 4366 453 4440 Denique
468 4383 524 4424 uon
540 4370 710 4439 negleximus
729 4368 883 4441 (iapitulare
899 4366 1067 4440 Tdeodolplri
1078 4363 1282 4423 Aurelianensis
1292 4363 1364 4437 apud
1378 4364 1461 4418 Buce

141 4453 211 4508 rium
225 4452 337 4509 liisnell.
352 4454 447 4510 lemn.
459 4453 505 4509 Vll
521 4453 593 4526 apud
608 4453 791 4511 Bioterimium
806 4454 825 4517 l.
842 4471 866 4510 c.
882 4470 910 4526 p.
920 4449 972 4508 rot
983 4468 1026 4524 sq.
1058 4451 1111 4506 Vix
1134 4455 1176 4505 est
1196 4449 1270 4520 quod
1287 4449 1460 4516 adnotemus,
1509 4505 1512 4510 ,

142 4551 195 4593 nos
210 4551 265 4593 non
281 4538 403 4596 demisse
417 4539 445 4595 in
463 4537 665 4610 discrepantiae
685 4539 819 4596 minutiis:
845 4537 1023 4596 satisfecisse
1042 4542 1163 4607 pulsans
1186 4534 1335 4592 lectoribus
1354 4529 1462 4590 exsut·
1555 4540 1557 4543 ·

140 4619 232 4678 hendo
244 4638 276 4679 ac
286 4623 427 4694 pensando
437 4623 576 4695 graviora.
