3202 5176
726 279 902 364 ⁴250

250 471 253 483 '
312 462 407 538 Vere
440 463 578 555 dignum
607 472 642 531 et
673 463 797 536 iustum
823 473 896 552 est,
927 482 1075 557 aequum
1099 470 1135 533 et
1171 461 1342 551 salutare,
1369 483 1435 537 nos
1460 464 1522 537 tibi

210 590 347 663 semper
373 577 407 639 et
428 564 554 659 ubique
577 564 704 655 gratias
730 586 849 656 agera
864 564 1019 636 ‚Domine
1041 575 1158 637 sancte
1177 564 1280 634 Pater
1304 568 1520 660 omnipotens

210 681 351 742 aeterne
365 668 473 755 Deus
497 667 664 737 honorum
687 669 834 736 omnium
862 667 1061 758 dignitatum
1084 687 1172 758 quae
1195 665 1328 757 gloriae
1354 677 1435 738 tuae
1455 679 1518 740 etc.

91 774 93 779 ’
211 800 304 861 usquc
325 779 360 839 ad
383 770 547 860 unguenti
569 789 651 837 rore
677 766 849 839 sanctihea
875 787 908 838 ut
925 795 954 856 p.
975 772 1048 838 mu.

311 878 344 943 0.
361 881 446 942 hexis
460 878 588 956 genibus
606 895 711 938 versus
724 877 759 938 ad
774 877 865 939 altare
878 879 993 958 incipit,
1008 877 1257 958 prosequentibus
1272 878 1410 954 hymnum
1430 868 1519 961 Veni

209 981 347 1045 creator
364 974 502 1068 spiritus
516 989 546 1040 et
560 979 667 1040 dicitur
680 998 774 1059 nsque
789 979 825 1040 ad
838 981 926 1040 tinem
939 990 1028 1059 prout
1040 980 1165 1040 habetur
1179 997 1268 1059 supra
1285 982 1316 1040 in
1330 980 1518 1043 ordinatione

208 1083 390 1159 Presbyteri.
432 1081 530 1143 Finito
546 1082 642 1161 primo
654 1099 744 1141 versu
758 1078 790 1142 G.
806 1081 946 1161 pollicem
959 1100 1042 1143 suum
1057 1081 1211 1142 dexterum
1227 1083 1347 1159 intingit
1358 1084 1390 1142 in
1404 1101 1517 1144 sacrum

209 1183 342 1247 chrisma
363 1195 393 1246 et
416 1193 503 1263 capnt
517 1182 614 1244 Eieeti
638 1200 735 1244 coram
756 1201 790 1244 se
803 1182 966 1260 ,genuflexi
986 1185 1121 1260 inungit,
1143 1184 1273 1244 tonnano
1287 1185 1382 1262 primo
1401 1185 1517 1261 signum

148 1319 152 1327 ν
209 1287 306 1347 crucis
320 1304 375 1365 per
389 1294 479 1346 totam
495 1302 653 1361 eoronam,
677 1284 783 1344 deinde
796 1284 940 1364 reliquum
955 1303 1086 1346 coronae
1098 1284 1248 1361 liniendo,
1268 1286 1385 1346 iuterim
1403 1286 1517 1346 dicens:

208 1377 370 1473 Ungatur'
386 1388 419 1448 et
440 1386 663 1450 consecretur
681 1385 782 1470 caput
802 1386 897 1447 tuum
916 1377 1060 1456 coelesti
1080 1376 1321 1449 benedictione
1339 1380 1374 1447 in
1397 1377 1517 1450 ordine

206 1478 401 1576 pontificali.
455 1487 493 1548 Et
511 1487 678 1568 producens
698 1503 783 1547 mann
803 1486 926 1548 dextera
947 1488 1035 1548 tertio
1056 1489 1171 1564 signum
1198 1491 1295 1548 crucis
1319 1506 1411 1566 super
1431 1497 1518 1567 eaput

208 1589 304 1651 niceti
320 1589 404 1651 dicte:
427 1579 467 1649 In
487 1581 624 1651 nomine
643 1574 800 1667 Paitris
825 1589 862 1649 et
886 1575 1012 1670 Fi†lii
1033 1588 1067 1650 et
1090 1576 1284 1675 Spiriitus
1304 1577 1430 1653 Sancti.
1471 1585 1513 1670 ib.
1550 1656 1556 1667 ,

207 1681 330 1754 Amen.
384 1682 459 1752 Pax
483 1681 552 1753 tibi.
592 1686 636 1770 Pp.
679 1679 821 1750 Etcum
847 1678 975 1776 Spiritu
995 1690 1064 1752 tuo.

312 1793 438 1871 Expleta
461 1793 616 1868 unctione,
638 1787 672 1853 G.
686 1793 782 1867 surgit
796 1801 825 1852 et
838 1793 867 1850 in
882 1793 1007 1871 pristina
1020 1807 1097 1852 voce
1110 1792 1327 1872 prosequitur:¹
1343 1781 1419 1852 Hoc
1445 1783 1515 1853 Do-

208 1887 298 1957 mine
322 1889 464 1978 copiose
483 1894 547 1955 etc.
567 1912 661 1970 usque
683 1893 718 1953 ad
740 1894 798 1955 tua
817 1886 927 1976 gratia
947 1887 1057 1978 possit
1076 1905 1156 1956 esse
1177 1883 1325 1957 devotus
1349 1903 1381 1954 ur
1399 1912 1430 1972 p.
1442 1889 1515 1952 215.

208 1995 324 2070 Deinde
342 1995 581 2056 submissasoee
600 1994 672 2054 dicit
692 1994 839 2071 legendo,
861 1996 901 2055 ita
922 1995 999 2073 quod
1013 2012 1030 2055 a
1044 1994 1298 2055 circumstantibus
1312 1995 1404 2056 audiri
1419 1997 1515 2075 possit

139 2123 142 2127 ·
207 2088 276 2161 Per
300 2087 481 2177 Dominum
503 2095 658 2159 nostrum
678 2084 792 2158 Iesum
814 2082 984 2161 ,Christum
1006 2086 1110 2158 hlium
1132 2097 1226 2157 tuum
1249 2091 1306 2180 qui
1325 2095 1438 2158 tecum
1461 2090 1512 2158 via

207 2191 258 2261 vit
293 2197 328 2259 et
354 2198 476 2292 regnat
503 2191 539 2259 in
566 2189 695 2259 unitate
718 2183 864 2284 Spiritus
890 2186 1007 2261 Sancti
1024 2188 1120 2262 Deus
1144 2210 1207 2283 per
1235 2189 1345 2260 omnia
1371 2189 1513 2262 saecula

207 2289 435 2364 saeculorum.
484 2297 527 2383 Pp.
554 2288 677 2359 Amen.
1212 2370 1215 2375 ¹
1253 2359 1261 2375 ,Ἰ

309 2401 381 2461 Post
401 2401 474 2461 haec
488 2398 521 2462 G.
542 2400 660 2460 inchoat
678 2399 779 2461 schola
793 2407 995 2480 prosequente
1008 2398 1220 2478 Antiphonem:
1240 2387 1459 2482 Unguentum
1482 2394 1514 2460 in

206 2496 317 2592 capite
345 2492 437 2585 quod
459 2492 636 2565 descendit
662 2495 696 2561 in
721 2492 879 2580 barbam,
901 2490 1040 2563 barbam
1066 2490 1199 2581 Aaron,
1223 2493 1315 2585 quod
1338 2492 1514 2565 descendit

205 2597 240 2665 in
260 2616 356 2667 oram
378 2597 574 2667 vestimenti
594 2596 686 2666 eius:
709 2594 882 2666 mandavit
901 2592 1068 2664 Dominus
1088 2592 1364 2681 benedictionem
1385 2598 1420 2665 in
1440 2617 1513 2668 sae-

204 2698 329 2776 culum.
381 2696 473 2775 Ecce
496 2718 596 2790 quarn
621 2695 748 2766 bonurn
771 2705 805 2766 et
831 2694 1014 2766 iucundum
1035 2694 1159 2767 iratres
1181 2693 1335 2766 habitare
1357 2698 1391 2766 in
1411 2716 1512 2766 unum

207 2807 271 2868 ebe.
325 2807 477 2867 Recitator
491 2807 622 2866 Psalmus
636 2802 698 2865 132
712 2816 741 2867 et
755 2806 867 2867 deinde
877 2807 1021 2886 repetitur
1036 2813 1098 2865 tota
1111 2804 1281 2885 Antiphone
1295 2796 1512 2890 Unguentum

205 2901 241 2969 in
269 2901 379 2993 capite
403 2907 467 2968 etc.

307 3007 428 3087 decepta
443 3009 611 3088 Antiphone
626 3005 659 3067 G.
674 3007 778 3071 Eiecto
794 3018 862 3069 ante
876 3009 970 3089 ipsum
989 3007 1150 3084 genuflexo
1166 3009 1284 3085 inungit
1297 3009 1395 3070 ambas
1414 3027 1513 3070 manus

205 3109 291 3170 simui
314 3111 427 3170 iunctas
447 3110 692 3170 conchrismato
712 3113 742 3170 in
764 3110 880 3171 modum
902 3111 1014 3187 crucis,
1040 3109 1232 3188 producendo
1252 3129 1317 3170 cnm
1333 3110 1444 3190 pollice
1459 3129 1513 3170 suo

186 3188 331 3272 'dextero
354 3213 476 3272 intincto
498 3212 569 3272 duas
591 3211 702 3288 lineas,
724 3212 865 3272 videlicet
880 3230 896 3271 a
911 3212 1022 3292 pollice
1041 3210 1182 3271 dexterae
1197 3229 1297 3273 manus
1311 3230 1404 3291 usque
1419 3212 1454 3271 ad
1470 3214 1513 3271 in-

204 3312 299 3372 dicem
320 3313 457 3373 sinistrae
471 3323 501 3373 et
515 3332 530 3374 a
545 3313 655 3394 pollice
670 3315 805 3374 sinistrae
819 3332 912 3393 usque
925 3313 962 3374 ad
975 3298 1100 3373 indicem
1114 3313 1256 3374 dexterae
1270 3322 1299 3374 et
1313 3332 1381 3373 mox
1395 3315 1513 3390 inungit

203 3414 336 3475 totaliter
355 3415 466 3494 palmas
488 3414 585 3477 Eteeti
604 3415 722 3476 dicens:
746 3404 925 3498 Ungantur
947 3425 1067 3478 manus
1087 3408 1173 3479 istae
1201 3405 1243 3478 de
1263 3405 1341 3478 olco
1364 3404 1512 3478 sanctifi-

202 3517 282 3577 cato
309 3518 343 3578 et
361 3505 552 3580 Chrismate
571 3507 861 3595 sanctificationis,
880 3510 966 3581 sicut
986 3508 1083 3578 unxit
1102 3505 1243 3582 Samuel
1261 3507 1375 3578 David
1392 3529 1511 3598 regem

202 3619 239 3679 et
259 3609 474 3705 prophetam,
501 3613 547 3680 ita
568 3619 740 3701 ungantur
760 3620 794 3680 et
812 3618 1067 3681 consecrentur.
1110 3618 1148 3679 ut
1161 3617 1329 3698 producens
1343 3635 1428 3682 maru
1442 3617 1510 3677 ‹tex-

203 3726 266 3780 tera
284 3728 331 3780 ter
352 3722 468 3798 signum
483 3722 577 3782 erucis
593 3738 682 3800 super
697 3739 797 3780 manus
811 3719 907 3780 Electi
922 3720 1005 3780 dicit:
1031 3709 1070 3780 In
1095 3714 1233 3781 nomine
1254 3711 1321 3781 Dei
1343 3707 1376 3801 ἦ·
1402 3710 1512 3783 Putris

184 3820 238 3883 'et
265 3809 389 3904 uitur
415 3823 449 3883 et
472 3810 617 3908 Spiritus
638 3809 669 3904 i
694 3810 810 3884 Sancti
836 3810 1003 3884 facientes
1028 3814 1211 3904 imaginem
1238 3822 1377 3885 sanctae
1399 3813 1511 3882 crucis

202 3912 395 3987 Salvatoris
416 3917 524 3987 nostri
545 3914 624 3986 Iesu
648 3911 774 3985 Christi
793 3916 851 4007 qui
869 3935 934 3986 nos
955 3936 975 3982 a
996 3923 1106 3984 morte
1125 3914 1270 3985 redemit
1291 3923 1325 3983 et
1345 3913 1388 3983 ad
1405 3933 1512 4002 regna
1534 3973 1541 3985 .

201 4016 380 4088 coelorum
406 4016 576 4110 perduxit.
629 4015 765 4086 Exaudi
790 4037 855 4088 nos
875 4018 952 4108 pie,
980 4013 1085 4086 Pater
1110 4018 1346 4110 omnipotens,
1372 4023 1512 4084 aeterne

200 4118 297 4190 Deus
331 4127 366 4188 et
391 4129 550 4212 praesta,
583 4128 620 4188 ut
647 4117 738 4210 quod
763 4127 799 4187 te
821 4137 997 4207 rogamus,
1025 4138 1221 4213 exoremus.
1275 4117 1344 4187 Per
1366 4114 1512 4187 eundem

201 4217 373 4295 Christum
395 4221 578 4291 Dominum
599 4227 762 4289 nostrum.
808 4223 851 4309 lb.
875 4216 998 4289 Amen.
1007 4213 1039 4314 1)

205 4382 399 4392 m

259 4450 290 4527 l)
307 4452 509 4525 Antiquissimis
528 4455 697 4526 temporibus
717 4455 808 4512 unctio
832 4455 1013 4514 sacerdotalis
1035 4453 1175 4513 suffecisse
1190 4452 1298 4509 videtur
1315 4466 1404 4522 neque
1415 4449 1513 4505 iterata

201 4553 263 4594 csse
274 4538 301 4593 in
316 4537 516 4613 Episcoporum
530 4539 748 4597 consecratione.
769 4541 862 4612 Neque
876 4539 951 4595 atiud
970 4535 1034 4611 quid
1048 4539 1163 4611 probant
1175 4537 1230 4593 loci
1246 4536 1345 4593 Leonis
1356 4542 1437 4605 atque
1448 4532 1515 4589 Gre-
