3202 5176
806 262 897 404 'soc

265 562 268 567 -
303 523 400 589 Tunc:
424 511 608 587 Confiteor.
626 569 631 576 .
646 523 808 587 macroce:
830 515 1036 590 misereatur
1058 523 1122 587 otc.
1169 514 1422 609 Indnigentiam
1441 527 1523 609 eta,

212 642 237 694 et
250 625 354 689 sedens
370 635 475 706 operto
494 628 608 707 capite,
626 635 782 708 postquam
797 629 1000 709 poenitentem
1014 628 1176 707 monuerit,
1190 628 1419 707 absolutionem,
1435 649 1522 710 quam

212 732 275 797 daie
287 738 404 810 paratus
420 736 482 806 est,
497 747 556 792 non
571 729 736 790 extendero
748 750 783 792 sc
796 730 832 792 ad
849 741 990 812 peccata,
1011 729 1066 791 scd
1079 729 1174 792 scium
1188 730 1225 790 ad
1239 733 1522 796 excommunicatio·

112 844 118 852 “
211 850 279 908 nan,
296 850 352 912 qua
367 839 451 892 extra
466 830 602 893 Ecclesia
617 834 730 893 eiectos
745 841 808 895 erat
822 843 852 895 et
865 842 1019 914 separatus
1029 842 1154 914 propter
1164 832 1524 913 merestaautccnmmc,

213 939 325 999 dusera
340 951 510 1013 supereum
525 943 659 1011 extenso,
674 935 768 997 dicet:

302 1025 380 1118 Ego
418 1030 621 1100 auctoritate
647 1028 713 1098 Dei
740 1028 980 1123 omnipotentis
1008 1037 1042 1098 et
1067 1026 1251 1100 iteratorum⁴
1267 1028 1521 1125 Apostoiorum

212 1135 276 1208 aits
308 1129 402 1204 Petri
429 1139 464 1201 et
497 1131 596 1201 Pauli
619 1152 662 1201 ac
691 1129 873 1202 Ecclesiae
900 1152 985 1203 suae
1014 1140 1154 1203 sauctae
1180 1127 1222 1225 (si
1245 1141 1323 1200 adsit
1346 1139 1527 1203 ordinarios

212 1243 297 1305 auito:
330 1230 411 1301 mihi
444 1253 464 1302 a
490 1232 794 1304 Reverendissimc
816 1232 990 1327 Episcopo
1017 1230 1057 1301 N.
1082 1233 1266 1330 concessa)
1303 1243 1337 1305 te
1371 1233 1520 1306 absolvo

155 1326 158 1338 ⁹
212 1332 380 1408 avmculo
405 1336 781 1423 excommunicationis,
799 1356 866 1428 qua
884 1343 1027 1429 propter
1048 1335 1218 1411 haeresim
1235 1335 1363 1428 ligatus
1380 1332 1519 1433 (ii'gata)

213 1457 297 1510 erar..
330 1433 475 1509 Reduco
497 1439 721 1529 in'grenrium
745 1447 883 1510 sanctae
908 1439 1027 1510 matris
1049 1438 1233 1527 ecciesiae,
1256 1448 1290 1509 et
1312 1437 1355 1507 ad
1378 1459 1519 1510 cormor-

210 1544 283 1612 tiuu
320 1547 354 1609 et
387 1541 660 1611 communionem
685 1541 790 1611 totius
812 1535 1091 1626 Christianitatis,
1120 1561 1139 1608 a
1169 1539 1290 1635 quiitm
1312 1537 1430 1611 meras
1456 1562 1521 1636 per

213 1641 565 1713 excrmmunicationis
590 1640 792 1714 sentenciam
819 1640 1010 1713 eiiminatus
1031 1637 1234 1739 (eliminata)
1262 1652 1296 1713 et
1317 1644 1463 1713 restituo
1484 1651 1520 1712 te

211 1744 452 1840 partctpaticni
474 1743 787 1816 ecclesiasticorum
808 1753 1110 1815 sacramentorum.
1146 1742 1188 1815 in
1204 1747 1341 1815 nomine
1362 1741 1516 1834 Patris†

212 1856 253 1918 et.
267 1845 336 1917 tun
358 1854 392 1916 et
413 1841 560 1938 Spiritus
582 1843 707 1916 Sancti.
760 1847 883 1918 Amen.

132 1947 134 1951 ’
302 1954 380 2017 ncnc
391 1955 590 2032 absolutione,
605 1957 728 2018 inchoat
737 1949 879 2018 sacerdos
893 1956 1031 2034 hymnum
1040 1946 1222 2036 TeDeum‚
1233 1958 1519 2037 quemuetautesmi·

212 2059 285 2121 nisisi
304 2057 471 2120 alternatim
487 2067 725 2138 prosequentur,
746 2077 804 2138 quo
829 2060 911 2120 iinito
926 2060 1017 2121 dicet:
1045 2056 1087 2124 W.
1110 2050 1298 2121 Benedicat
1320 2070 1387 2124 nos
1408 2048 1516 2122 Deus.

211 2151 305 2222 Deus
318 2157 452 2239 nostem
469 2149 650 2222 benedicat
669 2173 738 2222 nos
755 2152 860 2224 Dens.
896 2157 940 2244 ip.
960 2151 1004 2224 Et
1021 2161 1174 2224 metuant
1190 2175 1271 2224 eum·
1290 2172 1413 2224 omnes
1432 2149 1525 2226 fines.

144 2325 150 2335 ,
211 2261 326 2325 terrae.

307 2353 461 2428 oremus.
1211 2431 1218 2442 ,

306 2455 759 2552 Omnipotens.sempiterne
778 2459 886 2547 Deus,
910 2460 968 2553 qui
990 2457 1113 2530 dedisti
1135 2457 1272 2535 iemulis
1292 2461 1366 2532 tuis
1379 2458 1419 2530 irr'
1437 2480 1520 2531 con-

209 2559 353 2634 testona
378 2576 486 2639 uerae
512 2558 593 2631 ndei
611 2570 775 2632 aeternae
787 2561 964 2633 Trinitatis
975 2561 1121 2652 gloriam
1136 2582 1341 2654 agnoscere,
1356 2571 1391 2632 et
1404 2563 1444 2631 in-
1457 2583 1519 2656 po-

209 2666 309 2734 tentia
332 2663 518 2736 maiestatis
551 2661 700 2734 adorare
722 2664 913 2734 Unitatemc
951 2684 1156 2757 quaesumus
1190 2672 1228 2734 ut
1260 2664 1414 2752 eiusdem
1440 2661 1519 2734 fidei

208 2761 355 2836 ienitate
377 2762 419 2835 ab
441 2764 598 2836 omnibus
617 2787 753 2862 semper
771 2769 961 2837 muniamur
978 2765 1152 2839 adversis:
1174 2766 1242 2837 Por
1261 2762 1434 2839 Christum
1447 2765 1519 2836 Dn-

209 2869 331 2937 minum
347 2875 511 2937 nostrum
557 2871 599 2957 liu.
627 2867 750 2938 Amen.
800 2955 802 2959 ι

304 2965 412 3036 Postea
426 2977 573 3037 Sacerdos
593 2987 688 3038 aetum
703 2978 893 3040 abiurationis
906 2987 1059 3059 acceptum
1073 2978 1185 3037 referet
1198 2979 1233 3037 in
1242 2978 1457 3039 abiurationuni
1472 2996 1519 3038 re·

203 3079 345 3154 gistrrrm,
364 3077 420 3137 aei
437 3080 469 3138 si.
482 3079 573 3154 desit,
593 3079 623 3139 ir'r
637 3079 968 3162 librnmtbaptisrnaiem
1007 3078 1435 3142 mmcribcncauccmrecccc
1449 3098 1519 3140 con·

201 3167 391 3264 versus(qui.
401 3172 575 3240 sitscribeae
587 3177 709 3260 nesciat,
724 3184 773 3244 iint
787 3184 902 3255 eie-eine
911 3184 1062 3264 imperitia
1072 3181 1221 3244 scribendi
1235 3179 1414 3258 mortiet-ets
1424 3190 1523 3243 testes

204 3280 772 3363 adtminimnmduoetipseSacerdoe.
872 3328 874 3332 -
1002 3294 1015 3315 ⁸
1240 3267 1253 3276 Ἴ
1433 3270 1437 3276 ’
