3202 5176
819 336 895 406 ³06

202 526 291 597 ierat
312 525 385 609 illl„
411 526 454 614 lh.
480 518 593 617 Super
611 521 738 592 lectum
759 519 890 592 doloris
912 515 1035 616 eiusl)
1079 516 1225 589 Domine
1249 516 1376 590 exaudi
1395 519 1525 589 oratio-

203 651 281 699 nem
302 648 421 698 meam
459 628 503 715 lp.
524 623 568 695 Et
585 624 719 694 clamor
740 643 838 696 meus
859 622 901 693 ad
923 631 958 693 te
977 623 1102 693 veniat.
1145 621 1310 694 Dominus
1329 619 1523 694 vobiscum.

160 719 166 730 ¹
202 715 316 822 ltrfEt
341 750 418 798 cum
441 729 561 822 spiritu
578 732 652 797 tuo.

307 830 461 900 Oramus.
501 828 610 917 Deus,
632 829 688 898 cui
705 829 882 922 proprium
903 836 955 898 est
974 827 1131 898 misereri
1150 846 1287 921 semper
1306 836 1339 896 et
1355 848 1523 921 parcere:

203 935 341 1026 suscipe
375 931 652 1025 deprecationem
681 939 850 1000 nostram.
882 938 919 998 ut
951 950 1014 999 nos
1047 938 1081 998 et
1106 925 1196 998 hunc
1222 928 1387 999 famulum
1412 939 1523 1018 tuum,

203 1056 289 1128 quos
313 1033 516 1111 delictorum
539 1043 658 1103 catena
681 1033 896 1123 constringit,
918 1032 1092 1102 miseratio
1114 1009 1195 1100 tua'e
1215 1033 1350 1127 pietatis
1372 1032 1525 1102 clemen·

201 1146 255 1206 ter
282 1135 450 1207 absolvat.
460 1130 493 1221 ²)

198 1260 199 1263 ¹
304 1218 412 1324 Deus,
430 1236 630 1306 infirmitatis
649 1234 816 1305 humanae
835 1234 1011 1326 singulare
1028 1231 1249 1329 praesidium,
1267 1234 1387 1305 auxilii
1402 1235 1453 1305 tui
1468 1256 1523 1308 su-

116 1380 125 1392 ,
202 1359 265 1433 per
287 1336 455 1408 infirmum
476 1337 639 1409 famulum
665 1348 759 1408 tuum
787 1335 930 1406 ostende
957 1337 1135 1406 virtutem:
1169 1345 1206 1405 ιιι
1233 1357 1299 1430 ope
1326 1338 1524 1409 misericor-

204 1440 280 1510 diae
302 1450 381 1510 tuae
402 1438 554 1527 adiutus,
589 1439 761 1512 ecclesiae
789 1446 868 1508 tuae
895 1447 1034 1521 sanctae
1060 1436 1244 1509 incolumis
1265 1440 1523 1534 repraesentari

202 1552 383 1611 mereatur.
393 1538 426 1635 ³)
954 1593 961 1605 .

129 1718 133 1725 f
306 1639 468 1713 Concede
492 1640 581 1710 hunc
602 1639 766 1753 famulum
792 1651 886 1711 tuum
910 1661 1117 1734 quaesumus
1140 1641 1287 1711 Domine
1309 1638 1418 1730 Deus,
1441 1663 1521 1736 per-

113 1770 119 1775 ·
202 1756 305 1841 petua
327 1746 448 1815 mentis
471 1752 505 1813 et
526 1737 683 1837 corporis
702 1746 846 1816 sanitate
866 1742 1039 1834 gaudere·
1060 1751 1095 1812 et
1113 1743 1289 1835 gloriosae
1307 1740 1430 1813 heatae
1448 1741 1522 1814 Ma-

201 1851 280 1918 riae
292 1854 431 1941 'semper
445 1847 596 1936 Virginis
619 1847 902 1918 intercessionea
919 1846 1092 1945 praesenti
1109 1844 1248 1916 liberari
1263 1838 1408 1915 tristitia
1413 1853 1448 1916 et
1464 1867 1521 1915 ae-

201 1958 299 2019 terna
321 1947 453 2043 perfrui
472 1947 608 2017 laetitia.
630 1947 698 2017 Per
713 1942 884 2018 Christum
897 1940 1080 2017 Dominum
1103 1957 1266 2018 nostrum.
1291 1950 1334 2035 ll
1350 1947 1475 2018 Amen
1482 1943 1518 2043 4)

184 2048 403 2119 -Benedictio
424 2048 491 2119 Dei
510 2050 748 2142 omnipotentis
770 2049 880 2120 Patris
900 2045 931 2138 ι
950 2057 985 2119 et
998 2049 1076 2119 Filii
1094 2057 1128 2119 et
1139 2046 1288 2144 Spiritus
1306 2046 1423 2122 Sancti
1442 2047 1519 2122 des-

203 2150 326 2220 cendat
353 2171 456 2243 super
482 2159 516 2219 te
540 2159 574 2219 et
596 2159 731 2219 maneat
757 2171 903 2244 semper,
949 2155 992 2241 lh.
1020 2151 1143 2222 Amen.
1198 2239 1202 2246 ι

304 2260 420 2321 Deinde
434 2268 575 2340 aspergat
587 2279 654 2321 enm
669 2279 743 2340 aqua
758 2261 924 2322 henedicta.

188 2432 192 2445 ,
307 2363 362 2436 Qui
384 2371 547 2440 sequuntur
561 2362 667 2423 Psalmi
684 2372 714 2422 et
731 2363 892 2442 Evangelia
908 2385 970 2426 cum
984 2364 1120 2444 precihus
1135 2380 1189 2443 pro
1204 2363 1345 2442 temporis
1361 2364 1449 2423 etiam
1466 2381 1517 2444 op-

203 2466 384 2544 portunitate
407 2473 436 2523 et
455 2467 670 2540 aegrotantium
685 2466 735 2544 pio
755 2465 921 2543 desiderio,
943 2465 1112 2529 Sacerdotis
1127 2464 1248 2524 arbitrio
1264 2464 1322 2525 dici
1336 2474 1476 2544 poterunt
1484 2453 1517 2541 ⁶)

195 2563 367 2634 Psatmusti
384 2556 531 2626 Domine
548 2578 593 2626 ne
616 2559 650 2626 in
671 2555 790 2628 furore
811 2567 871 2627 tuo
890 2580 1016 2651 arguas
1033 2580 1096 2627 me.
1140 2557 1307 2629 Dominus
1325 2556 1515 2650 pohiscum.

83 2693 91 2709 ι
162 2660 167 2671 “
200 2663 243 2753 lta
263 2659 306 2730 Et
333 2680 410 2729 cum
428 2660 555 2754 spiritu
567 2668 637 2730 tuo
679 2655 863 2752 Sequentia
884 2659 1005 2734 Sancti
1021 2657 1205 2755 Evangelii
1224 2659 1415 2793 secundum
1431 2658 1516 2731 Mat-

200 2760 345 2832 thaeum.
394 2764 437 2852 lp.
461 2756 594 2849 Gloria
605 2759 666 2831 tihi
687 2757 843 2870 Domine.

195 2887 406 2898 ,..-..---

226 2930 296 3008 1)
307 2928 499 2987 Precatioues:
515 2929 611 2986 Nihil
624 2901 803 3011 proficiat
817 2922 872 2985 cte
886 2923 1023 3013 usquead
1037 2931 1166 2987 lectum
1181 2926 1419 3029 doloplselds
1423 2909 1516 2987 dmit-

200 3015 233 3072 tlt
246 3013 363 3086 Agenda
372 3016 487 3073 Donast
505 3013 603 3068 1712*
838 3023 841 3029 ⁴

227 3099 293 3174 ·-2)
262 3102 382 3157 allece
400 3097 494 3156 Oratio
516 3106 586 3169 quae
604 3096 632 3152 in
652 3097 713 3168 aliis
727 3105 834 3170 qnoque
849 3097 950 3161 oneris
962 3054 1064 3218 legitur
1078 3105 1120 3154 est
1132 3095 1247 3169 proprie
1259 3096 1435 3169 depascens
1458 3097 1516 3154 Ex-

190 3137 274 3259 stat
267 3203 293 3240 m
309 3186 386 3244 Sacr
401 3182 519 3252 Gregor

260 3267 428 3339 3)Sacram.
445 3264 881 3323 GelasiicontinetlVorationes
895 3227 1025 3322 dicendas
1041 3251 1244 3337 superlnlir'mo
1259 3219 1392 3334 iudomo,
1414 3264 1513 3320 adiun-

198 3351 259 3425 ctis
262 3351 348 3407 tribus
363 3349 459 3420 aliis,'
451 3367 477 3405 m
490 3350 570 3405 llissa
586 3368 637 3423 pro
649 3351 762 3407 lnimmis
777 3349 940 3417 recitandas.
968 3349 1041 3407 lnter
1054 3352 1102 3406 has
1115 3356 1184 3423 quas
1199 3344 1285 3408 modo
1295 3348 1427 3405 nominavi
1419 3347 1512 3418 legi-

198 3429 304 3492 tarsa:
321 3432 746 3509 Deusinfirmitatisetc.;
760 3433 1209 3506 inhistamenvariatscriptura:
1225 3426 1525 3506 superinrirmos'

198 3520 395 3576 nostros-
408 3518 573 3574 adiuti-
537 3527 845 3588 -sanctaerepr
860 3525 1072 3574 mereantur
1097 3514 1388 3590 Eandcnnscrrpturam
1403 3516 1515 3572 exhibet

197 3604 274 3661 Suos.
290 3602 497 3673 Gregorianum,
512 3603 550 3659 tx
565 3604 706 3660 orationes
723 3601 757 3657 de
772 3602 883 3661 iulirmia
899 3603 1042 3674 praehens.

257 3685 288 3758 t)
303 3686 419 3758 Agenda
437 3688 583 3746 hlonaster.
606 3689 677 3745 1712
696 3685 806 3743 exhibet
828 3686 965 3743 Collectas
978 3689 1071 3744 Dans
1090 3686 1145 3743 cui
1165 3663 1353 3766 proprium
1375 3692 1404 3742 et
1427 3686 1513 3742 Con-

197 3770 295 3826 cede
331 3770 468 3842 „Deinde
478 3771 587 3825 Infirmo
605 3770 733 3826 adhihent
748 3769 861 3826 Crucem
876 3752 1051 3829 osculandam
1073 3780 1187 3842 oretque
1207 3788 1266 3830 cum
1288 3771 1336 3826 illo
1352 3760 1514 3841 sequentia.

196 3854 242 3911 lch
256 3854 321 3911 bete
336 3854 402 3910 Dich
415 3871 459 3931 an,
472 3869 489 3909 o
502 3855 572 3910 mein
571 3855 795 3926 gekreuaigster
806 3856 878 3926 lesu,
889 3854 943 3910 und
953 3855 1086 3911 benedcie
1097 3856 1179 3911 Dich:
1196 3855 1266 3909 deun
1280 3854 1364 3909 durch
1377 3852 1441 3911 dein
1453 3853 1514 3909 hei-

195 3930 268 4009 lr‘g'es
280 3939 368 3994 llreuz
380 3939 439 3993 hast
450 3939 491 3993 Du
504 3941 592 3994 meina
604 3931 684 3995 Seeie
699 3938 817 3999 erloat.“
842 3897 940 3995 Pdstea
951 3955 986 3995 ex
998 3938 1124 3996 turmulis
1132 3956 1212 4034 supra
1223 3933 1333 4008 scriptis
1344 3937 1513 4009 praelegere

194 4023 296 4118 poterit
308 4031 395 4079 actum
407 4021 470 4077 fidei
478 4023 560 4094 ,spei
576 4029 603 4078 et
619 4023 741 4079 caritatis
755 4022 864 4094 illisque
879 4024 984 4079 actibus
999 4022 1179 4095 absolutis,
1157 4040 1180 4078 st
1192 4024 1228 4078 ita
1240 4022 1374 4091 videatur,
1386 4021 1514 4078 decursu

194 4107 323 4186 quopiam
334 4107 382 4183 pio
397 4106 512 4161 animum
524 4107 624 4162 Infirmi
636 4106 746 4178 erigere
758 4115 820 4163 ante
834 4109 934 4183 abitum
946 4124 1021 4163 suum
1036 4108 1146 4179 poterit
1174 4109 1285 4169 Demum
1298 4106 1327 4162 si
1343 4105 1513 4162 lnlirmus

193 4178 229 4244 id
243 4184 346 4247 de'sid
356 4196 434 4246 eret
448 4189 602 4251 Sacerdos
594 4198 715 4268 imponat
730 4190 870 4269 dexteram
884 4201 987 4269 manum
998 4204 1078 4269 supra
1090 4188 1281 4267 caputluhrmi
1289 4189 1401 4245 dicens:
1421 4188 1514 4285 Super

194 4284 297 4343 aegros
311 4280 365 4333 etc.
724 4289 732 4304 ·

258 4356 289 4434 5)
305 4357 373 4412 Hinc
392 4364 484 4430 patet,
507 4358 600 4431 quod
592 4365 662 4415 rstaa
675 4358 820 4415 Orationes
836 4363 865 4414 et
877 4375 976 4430 preces
987 4370 1070 4435 super
1083 4356 1217 4415 lnilr'mum
1232 4366 1287 4439 uon
1301 4360 1364 4414 sant
1378 4355 1413 4411 de
1427 4373 1514 4428 prae-

195 4445 277 4536 capto
294 4441 446 4501 faciendae
450 4459 465 4498 a
480 4441 647 4517 Sacerdote,
668 4441 726 4500 sed·
731 4441 837 4514 quando
850 4449 973 4517 tempus,
994 4440 1118 4502 conditio
1131 4448 1161 4499 et
1175 4440 1287 4498 occasio
1302 4440 1329 4496 id
1346 4441 1431 4495 ierat:
1440 4457 1513 4504 non

196 4520 267 4579 euim
269 4524 341 4580 sunt
354 4521 530 4584 Sacramenta
540 4524 591 4585 sed
604 4526 843 4601 sacramentalia,
841 4523 877 4582 ad
890 4535 1014 4615 quorum
1018 4525 1241 4627 ιιίιιιιιιιιοιιιι
1249 4510 1388 4622 ΙΡιιιοιιιιιι
1402 4530 1460 4582 tam
1472 4526 1514 4589 ri-

194 4620 298 4677 gorose
312 4604 367 4678 ιἰριι
382 4615 507 4672 tenetur.
