3210 5168
681 256 686 261 ·
766 208 838 309 ιιι

135 435 268 500 -snclcnet
277 453 312 498 sc
325 411 423 497 obbas
436 439 467 496 et
473 433 567 497 dccet
592 433 723 497 Oramus
715 443 765 497 te
783 435 911 497 Domine
925 443 984 496 etc
1020 430 1137 498 Debsde
1156 432 1276 493 aceedit
1292 422 1398 495 obbae
1420 426 1466 496 ed

145 559 267 602 crucem
279 539 322 601 od
335 516 530 599 oscnlondnns
544 538 664 598 dicens:
678 538 768 599 Tuam
781 557 898 599 crucem
916 537 1070 598 adoramus
1080 545 1136 597 etc
1158 533 1275 597 Deinde
1288 519 1407 597 accedit
1421 539 1484 598 od·

111 654 116 664 “
145 643 254 704 librum
271 641 407 701 dlissotis
427 647 457 700 et
473 640 630 701 osculetur
649 637 846 718 Eoorcpelinm
872 638 966 718 officii
991 636 1110 699 dicens:
1143 638 1205 699 Ριιι
1224 624 1352 718 Gbristi,
1375 659 1460 720 quam

144 747 232 807 nobis
248 762 306 825 per
321 743 517 821 Evangelium
536 763 620 804 suum
634 744 762 820 tradidit,
781 731 935 804 confirmet
955 745 984 802 et
1008 750 1168 804 conservet
1183 740 1272 803 corda
1287 751 1317 804 et
1331 752 1460 824 corpora

145 834 246 909 nostra
259 849 290 907 iu
303 848 391 907 vitam
405 855 564 909 aeternam.
589 849 693 909 Amen.
728 846 840 907 Similia
853 844 1012 906 servabant
1030 843 1139 905 multae
1154 843 1301 911 ecclesiae
1319 845 1358 906 ad
1372 845 1458 906 linem

144 967 238 1029 usque
258 928 369 1013 saecul-i
391 949 495 1009 decimi
517 946 604 1011 sexti.
648 947 843 1011 Glilerbert.
862 942 1112 1026 n.u.1.p.296.
1146 945 1459 1026 Nunceadem‘riget
1501 1023 1511 1037 y,

143 1052 253 1132 ubique
267 1044 460 1113 co'nsuetudo.

246 1185 294 1246 lv.
347 1184 502 1246 lutroitum
518 1183 693 1263 repetebant
717 1188 836 1243 veteres
856 1182 886 1243 in
911 1181 1152 1244 sollemnioribus
1178 1177 1393 1244 festivitatibus
1413 1187 1458 1246 ter

101 1269 103 1273 ⁷
142 1288 192 1349 vel
207 1297 323 1367 quater:
343 1289 401 1348 imo
424 1286 579 1367 quinquies
600 1285 778 1347 recitabatur
800 1285 836 1364 ab
860 1284 1083 1347 Turonensibus
1103 1286 1132 1346 in
1152 1282 1313 1349 Nativitate
1328 1286 1467 1373 Domini.

113 1463 116 1468 .
142 1391 245 1452 Item
236 1410 266 1450 ιι
290 1391 409 1450 summis
431 1389 642 1450 festivitatibus
664 1397 732 1448 ante
753 1384 907 1449 lutroitum
928 1387 1120 1450 cantabantur
1124 1376 1271 1469 prnoe,
1298 1387 1402 1469 Tropi,
1424 1389 1457 1451 ad

144 1494 235 1554 maius
263 1492 399 1585 gaudium
425 1489 718 1571 repraesentandum,
742 1493 774 1552 ut
794 1492 882 1553 docet
901 1491 1065 1553 Durandus.
1103 1490 1220 1552 Nomen
1246 1492 1457 1572 interpretatur

143 1594 283 1672 Syucdus
298 1594 559 1656 Lemoviceusrsa
575 1589 656 1655 1031
672 1591 815 1669 (ilardum
829 1593 879 1654 vl
900 1614 929 1674 p
944 1590 1032 1670 875).
1054 1591 1137 1654 Inter
1151 1579 1374 1672 bodet,qnoe
1388 1615 1456 1676 τρι

142 1694 193 1757 noi
204 1714 318 1774 proeco
331 1695 640 1757 nominedicnntnro
662 1695 858 1757 conversione
879 1695 1015 1775 coporis
1031 1688 1252 1776 modolationis.
1288 1688 1456 1776 Aliquando
1496 1773 1499 1781 Ι

76 1820 79 1825 ’
142 1799 257 1879 Tropus
272 1801 392 1880 ponitur
405 1802 541 1879 proxime
557 1806 625 1859 aute
637 1797 803 1878 lutroitum,
816 1799 972 1879 aliquando
984 1800 1040 1879 ipsi
1055 1799 1286 1875 intermiscetur,
1301 1810 1359 1859 uua
1374 1810 1457 1879 parte

142 1902 226 1962 ebori
239 1903 333 1981 ipsum
353 1901 491 1980 Tropum,
511 1900 604 1961 altera
617 1901 771 1962 Introitum
792 1905 979 1962 concinente.
1020 1901 1114 1961 Recte
1132 1898 1239 1960 Bono.-
1259 1895 1457 1962 Amonoetts

137 2002 263 2081 priooto
282 2001 471 2080 qnornndom
490 2001 634 2062 abbatum
652 2003 850 2079 anctoritate,
871 2009 904 2063 nt
920 2002 1027 2081 prisco
1042 2001 1183 2080 ferebont
1204 2008 1362 2081 temporo,
1383 2003 1458 2064 boec

141 2104 347 2165 additamento
360 2104 504 2181 oripinom
518 2104 652 2165 ironicae
666 2112 750 2183 puto,
772 2105 824 2184 qni
839 2124 899 2167 non
912 2105 1010 2165 solnm
1026 2101 1186 2181 introitus,
1204 2105 1261 2165 aad
1271 2104 1352 2167 otios
1367 2105 1458 2167 etium

141 2207 298 2286 liturqicos
308 2224 417 2285 preces
428 2206 531 2267 eodem
545 2206 632 2268 modo
646 2206 874 2286 interpolarent.
894 2209 1014 2270 Poterat
1024 2206 1341 2271 afferreldckebardum
1350 2212 1380 2270 in
1397 2212 1457 2271 vita

141 2311 174 2371 Β.
195 2310 320 2372 Notkeri
332 2333 339 2372 :
353 2306 423 2370 Non
438 2309 535 2380 solnm
548 2328 596 2386 eo,
609 2324 689 2388 qnae
702 2310 809 2371 beotna
821 2313 869 2372 oir
881 2308 1034 2372 Notberna
1047 2309 1230 2391 dictooerot,
1246 2300 1351 2370 ιιιιιιιι
1364 2311 1458 2371 etiam

142 2429 190 2489 eo,
212 2428 290 2490 quoe
311 2412 388 2473 socii
404 2418 434 2472 et
451 2409 569 2489 fratrea
588 2413 654 2473 eins
673 2414 705 2473 in
724 2413 828 2475 codem
854 2412 1037 2474 monsterio
1056 2410 1087 2473 S.
1117 2411 1197 2499 Galli
1213 2421 1457 2492 composnerunt,

142 2515 242 2592 omnio
259 2515 451 2576 cononssoort
463 2513 617 2593 Pontifex
642 2516 780 2577 ιιὶιιιὶἱοιι
798 2517 932 2597 bpnsnos,
952 2515 1142 2595 sequentias,
1164 2521 1269 2593 tropos
1289 2525 1347 2578 etc.
1384 2516 1456 2578 Inde

142 2637 157 2677 a
181 2619 301 2680 saeculo
325 2619 438 2680 decimo
463 2638 557 2699 usque
579 2619 614 2680 ad
637 2619 786 2681 saeculum
806 2630 922 2682 sextum
943 2617 1123 2680 decimum
1114 2638 1143 2679 m
1168 2617 1266 2679 multis
1286 2600 1456 2680 blissalibus

140 2706 458 2801 adsignantur'l'ropi
449 2741 479 2781 ιιι
492 2721 647 2783 Missurum
663 2719 884 2785 sollemniorun'r
898 2723 1054 2802 principio.
1080 2722 1152 2781 Sic
1143 2740 1172 2781 m
1187 2720 1288 2783 dieSt.
1297 2716 1458 2838 Stephani:

243 2858 278 2915 A.
306 2856 422 2919 Etenim
441 2856 583 2916 sederunt
596 2859 748 2937 principes
767 2868 796 2918 et
810 2857 966 2918 adversum
980 2876 1026 2919 me
1036 2857 1244 2937 loquebantur

245 2957 278 3017 Β.
307 2956 386 3018 Nulli
405 2976 528 3037 unquam
547 2961 635 3018 nocui
649 2978 743 3046 usque
756 2960 856 3039 legum
870 2962 933 3021 iura
947 2961 1070 3021 resolvi.

244 3061 280 3119 A.
307 3059 366 3120 Ει
358 3061 450 3147 miqui
464 3063 617 3139 persecuti
627 3071 695 3122 suut
709 3082 766 3124 me

242 3163 276 3222 Β.
305 3162 423 3223 Christe
436 3170 502 3222 turus
520 3163 632 3223 fueram
647 3175 704 3225 tam
723 3165 781 3257 diu,
798 3165 865 3246 quia
879 3166 936 3268 rite
952 3165 1095 3224 minister.

133 3286 137 3293 ’
243 3262 280 3322 A.
302 3264 417 3324 Adruva
437 3283 484 3324 me
501 3264 637 3326 Domme
709 3304 713 3312 ·

243 3364 276 3425 Β.
305 3365 349 3426 Ne
368 3377 435 3428 tuus
449 3368 478 3426 in
494 3365 583 3428 dubio
601 3368 721 3446 irangar
736 3373 896 3432 certamine
908 3370 1002 3431 miles.

163 3501 167 3507 ·
242 3470 277 3527 A.
306 3448 382 3543 Quia
400 3488 504 3530 servus
517 3477 584 3530 tuus
599 3471 784 3533 eximebatur
796 3476 826 3535 iu
842 3473 900 3533 tuis
915 3468 1181 3532 iustificationibus.

243 3570 326 3644 Quae
340 3573 428 3633 litera
439 3573 472 3632 Β.
488 3573 628 3649 insignita
641 3584 725 3652 sunt,
744 3576 877 3637 efficiunt
893 3574 1031 3654 Tropum.
1055 3573 1140 3634 Nunc
1153 3590 1269 3634 omnem
1285 3570 1454 3652 'l'roporum
1507 3622 1510 3629 .

139 3672 317 3750 farraginem
337 3684 367 3735 et
388 3677 418 3736 in
438 3674 581 3752 lutroitn,
596 3684 625 3737 et
639 3676 668 3737 in
682 3676 773 3756 llyrie
787 3688 817 3740 et
829 3681 860 3740 iu
875 3678 1000 3740 Sanctus
1014 3685 1071 3738 etc.
1085 3675 1214 3737 ecclesia
1227 3693 1352 3755 prorsus
1365 3674 1469 3745 abre.

140 3776 237 3852 gavit,
265 3776 370 3870 utpote
390 3787 509 3839 sauctae
537 3777 757 3843 ecclesiasticae
784 3782 925 3860 liturgiae
950 3777 1129 3859 simplicitati
1153 3795 1256 3859 parum
1278 3771 1453 3855 congruam.
1482 3829 1488 3840 .

141 3875 187 3938 (Β.
200 3875 434 3939 Muratoriumb.
450 3878 517 3940 tal.
531 3899 561 3959 p.
576 3875 679 3941 100.Ι

239 3978 393 4041 Laudanda
420 3991 467 4042 est
491 3981 688 4045 Romanorum
708 3984 817 4064 ponti
810 4002 886 4044 rcum
911 3954 1073 4062 sapientia,
1109 3996 1185 4060 quae
1213 3954 1337 4042 sublatis
1366 3980 1453 4043 bisce

114 4110 119 4118 ·
138 4082 307 4163 peregrinis
321 4085 477 4161 mercibus,
502 4084 608 4165 quibus
632 4096 752 4149 onerata
773 4088 873 4166 potius
892 4103 992 4166 quam
997 4093 1099 4146 ornata
1117 4082 1215 4143 iuerat
1232 4100 1317 4143 sacra
1329 4082 1452 4162 liturgia

140 4187 169 4246 iu
191 4187 338 4267 antiquam
352 4187 508 4267 puritatem
521 4206 556 4248 ac
570 4186 802 4250 moderationem
820 4206 945 4269 pensum
959 4187 1110 4249 Romanae
1128 4185 1235 4245 missae
1247 4186 1390 4246 restituit
1414 4265 1420 4276 .

240 4320 275 4380 V.
308 4294 424 4384 Invenit
445 4320 534 4384 Bono
552 4322 693 4383 tumultis
710 4323 795 4383 libris
814 4332 884 4404 post
901 4321 1049 4385 saeculum
1063 4321 1254 4413 tredecimum
1273 4322 1452 4403 compositis

139 4421 254 4498 llyrie
268 4427 385 4504 q'uoque
409 4426 594 4509 interpositis
607 4425 781 4505 quibusdam
796 4425 934 4487 clausulis
953 4425 1170 4508 interpolatum.
1201 4421 1263 4484 lmo
1282 4425 1313 4483 in
1336 4422 1451 4511 ¹blissali

138 4523 271 4587 Romano
292 4526 354 4588 sub·
367 4530 539 4610 pontificatu
560 4519 642 4616 Pa'uil
661 4527 709 4589 111.
732 4525 812 4589 edito
839 4527 973 4608 Lugduni
1000 4528 1056 4591 bac
1077 4526 1209 4629 praelixa
1234 4525 1472 4608 inscriptlcuez.
