<?xml version="1.0" encoding="UTF-8"?>
<!DOCTYPE html PUBLIC "-//W3C//DTD XHTML 1.0 Transitional//EN"
    "http://www.w3.org/TR/xhtml1/DTD/xhtml1-transitional.dtd">
<html xmlns="http://www.w3.org/1999/xhtml" xml:lang="en" lang="en">
 <head>
  <title>
</title>
<meta http-equiv="Content-Type" content="text/html;charset=utf-8" />
  <meta name='ocr-system' content='tesseract 3.04.00' />
  <meta name='ocr-capabilities' content='ocr_page ocr_carea ocr_par ocr_line ocrx_word'/>
</head>
<body>
  <div class='ocr_page' id='page_1' title='image "./codexliturgicus02danigoog_0266.png"; bbox 0 0 3210 5168; ppageno 0'>
   <div class='ocr_carea' id='block_1_1' title="bbox 732 304 806 374">
    <p class='ocr_par' dir='ltr' id='par_1_1' title="bbox 732 304 806 374">
     <span class='ocr_line' id='line_1_1' title="bbox 732 304 806 374; baseline 0 0"><span class='ocrx_word' id='word_1_1' title='bbox 732 304 806 374; x_wconf 81' lang='lat'>225</span> 
     </span>
    </p>
   </div>
   <div class='ocr_carea' id='block_1_2' title="bbox 16 484 1426 1711">
    <p class='ocr_par' dir='ltr' id='par_1_2' title="bbox 103 484 1425 1071">
     <span class='ocr_line' id='line_1_2' title="bbox 105 484 1423 563; baseline -0.001 -2"><span class='ocrx_word' id='word_1_2' title='bbox 105 488 193 562; x_wconf 87' lang='lat' dir='ltr'>catis</span> <span class='ocrx_word' id='word_1_3' title='bbox 220 487 347 562; x_wconf 87' lang='lat' dir='ltr'>uostris</span> <span class='ocrx_word' id='word_1_4' title='bbox 374 496 408 560; x_wconf 88' lang='lat' dir='ltr'>et</span> <span class='ocrx_word' id='word_1_5' title='bbox 438 486 480 559; x_wconf 95' lang='lat' dir='ltr'>ab</span> <span class='ocrx_word' id='word_1_6' title='bbox 504 489 596 559; x_wconf 91' lang='lat' dir='ltr'>omni</span> <span class='ocrx_word' id='word_1_7' title='bbox 619 491 786 561; x_wconf 81' lang='lat' dir='ltr'>seruitute</span> <span class='ocrx_word' id='word_1_8' title='bbox 813 487 1001 563; x_wconf 88' lang='lat' dir='ltr'>saecularis</span> <span class='ocrx_word' id='word_1_9' title='bbox 1029 485 1161 560; x_wconf 90' lang='lat' dir='ltr'>habitus</span> <span class='ocrx_word' id='word_1_10' title='bbox 1188 485 1252 560; x_wconf 91' lang='lat' dir='ltr'>bos</span> <span class='ocrx_word' id='word_1_11' title='bbox 1275 484 1423 561; x_wconf 87' lang='lat' dir='ltr'>famulos</span> 
     </span>
     <span class='ocr_line' id='line_1_3' title="bbox 103 587 1422 683; baseline -0.004 -19"><span class='ocrx_word' id='word_1_12' title='bbox 103 589 371 664; x_wconf 82' lang='lat' dir='ltr'>tuosemunda:</span> <span class='ocrx_word' id='word_1_13' title='bbox 393 600 442 680; x_wconf 91' lang='lat' dir='ltr'>ut,</span> <span class='ocrx_word' id='word_1_14' title='bbox 465 591 544 662; x_wconf 95' lang='lat' dir='ltr'>dum</span> <span class='ocrx_word' id='word_1_15' title='bbox 563 593 784 683; x_wconf 82' lang='lat' dir='ltr'>ignominiam</span> <span class='ocrx_word' id='word_1_16' title='bbox 806 591 995 666; x_wconf 87' lang='lat' dir='ltr'>saecularis</span> <span class='ocrx_word' id='word_1_17' title='bbox 1016 587 1148 662; x_wconf 91' lang='lat' dir='ltr'>habitus</span> <span class='ocrx_word' id='word_1_18' title='bbox 1162 588 1349 683; x_wconf 86' lang='lat' dir='ltr'>deponunt,</span> <span class='ocrx_word' id='word_1_19' title='bbox 1364 600 1422 662; x_wconf 89' lang='lat' dir='ltr'>tua</span> 
     </span>
     <span class='ocr_line' id='line_1_4' title="bbox 104 690 1424 789; baseline -0.001 -25"><span class='ocrx_word' id='word_1_20' title='bbox 104 713 244 789; x_wconf 88' lang='lat' dir='ltr'>semper</span> <span class='ocrx_word' id='word_1_21' title='bbox 264 695 300 764; x_wconf 93' lang='lat' dir='ltr'>in</span> <span class='ocrx_word' id='word_1_22' title='bbox 318 715 444 766; x_wconf 86' lang='lat' dir='ltr'>aeuum</span> <span class='ocrx_word' id='word_1_23' title='bbox 470 695 580 786; x_wconf 88' lang='lat' dir='ltr'>gratia</span> <span class='ocrx_word' id='word_1_24' title='bbox 605 692 843 789; x_wconf 79' lang='lat' dir='ltr'>perfruantur:</span> <span class='ocrx_word' id='word_1_25' title='bbox 869 703 907 764; x_wconf 89' lang='lat' dir='ltr'>ut</span> <span class='ocrx_word' id='word_1_26' title='bbox 932 695 1018 767; x_wconf 90' lang='lat' dir='ltr'>sicut</span> <span class='ocrx_word' id='word_1_27' title='bbox 1044 690 1297 766; x_wconf 90' lang='lat' dir='ltr'>similitudinem</span> <span class='ocrx_word' id='word_1_28' title='bbox 1323 711 1424 763; x_wconf 93' lang='lat' dir='ltr'>coro-</span> 
     </span>
     <span class='ocr_line' id='line_1_5' title="bbox 105 793 1424 892; baseline 0 -27"><span class='ocrx_word' id='word_1_29' title='bbox 105 815 173 866; x_wconf 91' lang='lat' dir='ltr'>nae</span> <span class='ocrx_word' id='word_1_30' title='bbox 204 802 285 866; x_wconf 87' lang='lat' dir='ltr'>tuae</span> <span class='ocrx_word' id='word_1_31' title='bbox 315 817 376 870; x_wconf 90' lang='lat' dir='ltr'>eos</span> <span class='ocrx_word' id='word_1_32' title='bbox 403 805 542 888; x_wconf 87' lang='lat' dir='ltr'>gestare</span> <span class='ocrx_word' id='word_1_33' title='bbox 574 796 718 870; x_wconf 87' lang='lat' dir='ltr'>iacimus</span> <span class='ocrx_word' id='word_1_34' title='bbox 742 798 788 883; x_wconf 28' lang='lat' dir='ltr'>in·</span> <span class='ocrx_word' id='word_1_35' title='bbox 804 795 989 892; x_wconf 88' lang='lat' dir='ltr'>capitibus,</span> <span class='ocrx_word' id='word_1_36' title='bbox 1021 797 1072 869; x_wconf 90' lang='lat' dir='ltr'>sie</span> <span class='ocrx_word' id='word_1_37' title='bbox 1098 803 1157 864; x_wconf 89' lang='lat' dir='ltr'>tua</span> <span class='ocrx_word' id='word_1_38' title='bbox 1185 793 1313 866; x_wconf 87' lang='lat' dir='ltr'>virtute</span> <span class='ocrx_word' id='word_1_39' title='bbox 1344 793 1424 865; x_wconf 77' lang='lat' dir='ltr'>hae</span> 
     </span>
     <span class='ocr_line' id='line_1_6' title="bbox 106 893 1425 1044; baseline 0 -76"><span class='ocrx_word' id='word_1_40' title='bbox 106 895 288 969; x_wconf 89' lang='lat' dir='ltr'>reditatem</span> <span class='ocrx_word' id='word_1_41' title='bbox 312 897 484 1044; x_wconf 90' lang='lat' dir='ltr'>lsubsequi</span> <span class='ocrx_word' id='word_1_42' title='bbox 517 908 713 972; x_wconf 89' lang='lat' dir='ltr'>mereantur</span> <span class='ocrx_word' id='word_1_43' title='bbox 747 908 921 970; x_wconf 81' lang='lat' dir='ltr'><strong>aeternam</strong></span> <span class='ocrx_word' id='word_1_44' title='bbox 952 900 987 970; x_wconf 90' lang='lat' dir='ltr'>in</span> <span class='ocrx_word' id='word_1_45' title='bbox 1018 895 1189 974; x_wconf 84' lang='lat' dir='ltr'>cordibus.</span> <span class='ocrx_word' id='word_1_46' title='bbox 1249 893 1316 981; x_wconf 84' lang='lat' dir='ltr'>Qui</span> <span class='ocrx_word' id='word_1_47' title='bbox 1347 916 1425 968; x_wconf 93' lang='lat' dir='ltr'>cum</span> 
     </span>
     <span class='ocr_line' id='line_1_7' title="bbox 107 997 354 1071; baseline -0.004 0"><span class='ocrx_word' id='word_1_48' title='bbox 107 997 212 1071; x_wconf 86' lang='lat' dir='ltr'>Patre</span> <span class='ocrx_word' id='word_1_49' title='bbox 238 1009 302 1071; x_wconf 89' lang='lat' dir='ltr'>etc.</span> <span class='ocrx_word' id='word_1_50' title='bbox 347 1057 354 1070; x_wconf 91' lang='lat'><strong>.</strong></span> 
     </span>
    </p>

    <p class='ocr_par' dir='ltr' id='par_1_3' title="bbox 16 999 1426 1711">
     <span class='ocr_line' id='line_1_8' title="bbox 212 999 1423 1193; baseline -0.002 -22"><span class='ocrx_word' id='word_1_51' title='bbox 212 999 427 1172; x_wconf 74' lang='lat' dir='ltr'>Deinde)sedet</span> <span class='ocrx_word' id='word_1_52' title='bbox 441 1110 473 1171; x_wconf 89' lang='lat' dir='ltr'>P.</span> <span class='ocrx_word' id='word_1_53' title='bbox 490 1120 519 1172; x_wconf 90' lang='lat' dir='ltr'>et</span> <span class='ocrx_word' id='word_1_54' title='bbox 534 1111 693 1193; x_wconf 79' lang='lat' dir='ltr'>alloquitur</span> <span class='ocrx_word' id='word_1_55' title='bbox 710 1129 763 1173; x_wconf 89' lang='lat' dir='ltr'>eos</span> <span class='ocrx_word' id='word_1_56' title='bbox 779 1111 834 1172; x_wconf 91' lang='lat' dir='ltr'>sub</span> <span class='ocrx_word' id='word_1_57' title='bbox 853 1111 898 1173; x_wconf 93' lang='lat' dir='ltr'>bis</span> <span class='ocrx_word' id='word_1_58' title='bbox 917 1110 1034 1173; x_wconf 85' lang='lat' dir='ltr'>verbis:</span> <span class='ocrx_word' id='word_1_59' title='bbox 1056 1099 1135 1172; x_wconf 84' lang='lat' dir='ltr'>Filii</span> <span class='ocrx_word' id='word_1_60' title='bbox 1155 1099 1333 1186; x_wconf 68' lang='lat' dir='ltr'>carissimi,</span> <span class='ocrx_word' id='word_1_61' title='bbox 1354 1099 1423 1169; x_wconf 82' lang='lat' dir='ltr'>ani·</span> 
     </span>
     <span class='ocr_line' id='line_1_9' title="bbox 106 1200 1426 1300; baseline -0.003 -25"><span class='ocrx_word' id='word_1_62' title='bbox 106 1200 327 1275; x_wconf 82' lang='lat' dir='ltr'>madvertere</span> <span class='ocrx_word' id='word_1_63' title='bbox 358 1202 511 1295; x_wconf 89' lang='lat' dir='ltr'>debetis,</span> <span class='ocrx_word' id='word_1_64' title='bbox 539 1205 632 1300; x_wconf 94' lang='lat' dir='ltr'>quod</span> <span class='ocrx_word' id='word_1_65' title='bbox 661 1205 764 1277; x_wconf 92' lang='lat' dir='ltr'>bodie</span> <span class='ocrx_word' id='word_1_66' title='bbox 792 1205 835 1276; x_wconf 90' lang='lat' dir='ltr'>de</span> <span class='ocrx_word' id='word_1_67' title='bbox 861 1204 940 1276; x_wconf 86' lang='lat' dir='ltr'>loro</span> <span class='ocrx_word' id='word_1_68' title='bbox 972 1203 1144 1277; x_wconf 88' lang='lat' dir='ltr'>ecelesiae</span> <span class='ocrx_word' id='word_1_69' title='bbox 1170 1201 1251 1272; x_wconf 88' lang='lat' dir='ltr'>iacti</span> <span class='ocrx_word' id='word_1_70' title='bbox 1279 1202 1361 1274; x_wconf 88' lang='lat' dir='ltr'>estis</span> <span class='ocrx_word' id='word_1_71' title='bbox 1391 1209 1426 1271; x_wconf 91' lang='lat' dir='ltr'>et</span> 
     </span>
     <span class='ocr_line' id='line_1_10' title="bbox 16 1301 1426 1401; baseline 0 -26"><span class='ocrx_word' id='word_1_72' title='bbox 16 1362 21 1369; x_wconf 92' lang='lat'><strong>.</strong></span> <span class='ocrx_word' id='word_1_73' title='bbox 105 1305 291 1401; x_wconf 86' lang='lat' dir='ltr'>priuilegia</span> <span class='ocrx_word' id='word_1_74' title='bbox 311 1306 485 1378; x_wconf 83' lang='lat' dir='ltr'>clericalia</span> <span class='ocrx_word' id='word_1_75' title='bbox 508 1310 619 1382; x_wconf 90' lang='lat' dir='ltr'>sortiti</span> <span class='ocrx_word' id='word_1_76' title='bbox 647 1311 749 1382; x_wconf 85' lang='lat' dir='ltr'>estis:</span> <span class='ocrx_word' id='word_1_77' title='bbox 779 1317 903 1379; x_wconf 88' lang='lat' dir='ltr'>cauete</span> <span class='ocrx_word' id='word_1_78' title='bbox 924 1308 1046 1399; x_wconf 88' lang='lat' dir='ltr'>igitur,</span> <span class='ocrx_word' id='word_1_79' title='bbox 1072 1326 1117 1376; x_wconf 92' lang='lat' dir='ltr'>ne</span> <span class='ocrx_word' id='word_1_80' title='bbox 1137 1312 1279 1399; x_wconf 91' lang='lat' dir='ltr'>propter</span> <span class='ocrx_word' id='word_1_81' title='bbox 1306 1301 1426 1396; x_wconf 89' lang='lat' dir='ltr'>culpas</span> 
     </span>
     <span class='ocr_line' id='line_1_11' title="bbox 104 1402 1425 1504; baseline -0.003 -26"><span class='ocrx_word' id='word_1_82' title='bbox 104 1414 243 1482; x_wconf 86' lang='lat' dir='ltr'>vestras</span> <span class='ocrx_word' id='word_1_83' title='bbox 276 1407 336 1479; x_wconf 92' lang='lat' dir='ltr'>illa</span> <span class='ocrx_word' id='word_1_84' title='bbox 368 1408 520 1504; x_wconf 90' lang='lat' dir='ltr'>perdatis</span> <span class='ocrx_word' id='word_1_85' title='bbox 552 1419 586 1481; x_wconf 91' lang='lat' dir='ltr'>et</span> <span class='ocrx_word' id='word_1_86' title='bbox 620 1410 735 1483; x_wconf 91' lang='lat' dir='ltr'>habitu</span> <span class='ocrx_word' id='word_1_87' title='bbox 768 1410 914 1484; x_wconf 89' lang='lat' dir='ltr'>honesto</span> <span class='ocrx_word' id='word_1_88' title='bbox 948 1408 1118 1503; x_wconf 86' lang='lat' dir='ltr'>bonisque</span> <span class='ocrx_word' id='word_1_89' title='bbox 1155 1403 1308 1479; x_wconf 91' lang='lat' dir='ltr'>moribus</span> <span class='ocrx_word' id='word_1_90' title='bbox 1347 1402 1425 1474; x_wconf 87' lang='lat' dir='ltr'>Deo</span> 
     </span>
     <span class='ocr_line' id='line_1_12' title="bbox 104 1502 1426 1609; baseline -0.001 -30"><span class='ocrx_word' id='word_1_91' title='bbox 104 1507 247 1605; x_wconf 92' lang='lat' dir='ltr'>placere</span> <span class='ocrx_word' id='word_1_92' title='bbox 274 1510 448 1585; x_wconf 80' lang='lat' dir='ltr'>studeatis.</span> <span class='ocrx_word' id='word_1_93' title='bbox 503 1509 604 1597; x_wconf 83' lang='lat' dir='ltr'>Quod</span> <span class='ocrx_word' id='word_1_94' title='bbox 632 1515 707 1609; x_wconf 91' lang='lat' dir='ltr'>ipse</span> <span class='ocrx_word' id='word_1_95' title='bbox 733 1511 835 1585; x_wconf 87' lang='lat' dir='ltr'>vobis</span> <span class='ocrx_word' id='word_1_96' title='bbox 863 1510 1031 1583; x_wconf 89' lang='lat' dir='ltr'>concedat</span> <span class='ocrx_word' id='word_1_97' title='bbox 1057 1532 1121 1606; x_wconf 93' lang='lat' dir='ltr'>per</span> <span class='ocrx_word' id='word_1_98' title='bbox 1147 1504 1310 1604; x_wconf 87' lang='lat' dir='ltr'>Spiritum</span> <span class='ocrx_word' id='word_1_99' title='bbox 1340 1502 1426 1579; x_wconf 86' lang='lat' dir='ltr'>Sau-</span> 
     </span>
     <span class='ocr_line' id='line_1_13' title="bbox 105 1609 618 1711; baseline 0.004 -29"><span class='ocrx_word' id='word_1_100' title='bbox 105 1618 199 1684; x_wconf 89' lang='lat' dir='ltr'>ctum</span> <span class='ocrx_word' id='word_1_101' title='bbox 217 1634 325 1688; x_wconf 91' lang='lat' dir='ltr'>suum.</span> <span class='ocrx_word' id='word_1_102' title='bbox 378 1617 421 1706; x_wconf 68' lang='lat' dir='ltr'>Ite.</span> <span class='ocrx_word' id='word_1_103' title='bbox 450 1609 618 1711; x_wconf 61' lang='lat' dir='ltr'>Auem).</span> 
     </span>
    </p>
   </div>
   <div class='ocr_carea' id='block_1_3' title="bbox 408 1780 1124 1856">
    <p class='ocr_par' dir='ltr' id='par_1_4' title="bbox 408 1780 1124 1856">
     <span class='ocr_line' id='line_1_14' title="bbox 408 1780 1124 1856; baseline -0.008 -3"><span class='ocrx_word' id='word_1_104' title='bbox 408 1783 469 1854; x_wconf 90' lang='lat' dir='ltr'>De</span> <span class='ocrx_word' id='word_1_105' title='bbox 498 1781 791 1855; x_wconf 90' lang='lat' dir='ltr'>Ordinatione</span> <span class='ocrx_word' id='word_1_106' title='bbox 820 1780 1124 1856; x_wconf 89' lang='lat' dir='ltr'>Ostiariorum.</span> 
     </span>
    </p>
   </div>
   <div class='ocr_carea' id='block_1_4' title="bbox 19 1906 1427 2313">
    <p class='ocr_par' dir='ltr' id='par_1_5' title="bbox 19 1906 1427 2313">
     <span class='ocr_line' id='line_1_15' title="bbox 210 1906 1426 2009; baseline -0.004 -24"><span class='ocrx_word' id='word_1_107' title='bbox 210 1923 405 2007; x_wconf 83' lang='lat' dir='ltr'>Prosequitur</span> <span class='ocrx_word' id='word_1_108' title='bbox 427 1927 460 1991; x_wconf 90' lang='lat' dir='ltr'>P.</span> <span class='ocrx_word' id='word_1_109' title='bbox 482 1927 599 1988; x_wconf 89' lang='lat' dir='ltr'>blissam</span> <span class='ocrx_word' id='word_1_110' title='bbox 626 1926 841 2009; x_wconf 81' lang='lat' dir='ltr'>pontificalem:</span> <span class='ocrx_word' id='word_1_111' title='bbox 870 1924 991 1986; x_wconf 78' lang='lat' dir='ltr'>cantata</span> <span class='ocrx_word' id='word_1_112' title='bbox 1010 1924 1103 2005; x_wconf 90' lang='lat' dir='ltr'>prima</span> <span class='ocrx_word' id='word_1_113' title='bbox 1124 1917 1256 1984; x_wconf 78' lang='lat' dir='ltr'>collecta</span> <span class='ocrx_word' id='word_1_114' title='bbox 1279 1906 1316 1979; x_wconf 66' lang='lat' dir='ltr'>et&#39;</span> <span class='ocrx_word' id='word_1_115' title='bbox 1333 1919 1426 1999; x_wconf 86' lang='lat' dir='ltr'>prima</span> 
     </span>
     <span class='ocr_line' id='line_1_16' title="bbox 108 2011 1427 2105; baseline -0.002 -19"><span class='ocrx_word' id='word_1_116' title='bbox 108 2022 268 2105; x_wconf 77' lang='lat' dir='ltr'>Lectione,</span> <span class='ocrx_word' id='word_1_117' title='bbox 291 2029 378 2096; x_wconf 85' lang='lat' dir='ltr'>sedet</span> <span class='ocrx_word' id='word_1_118' title='bbox 397 2031 503 2091; x_wconf 92' lang='lat' dir='ltr'>iterum</span> <span class='ocrx_word' id='word_1_119' title='bbox 524 2031 553 2090; x_wconf 94' lang='lat' dir='ltr'>in</span> <span class='ocrx_word' id='word_1_120' title='bbox 578 2030 754 2092; x_wconf 83' lang='lat' dir='ltr'>faldistorio.</span> <span class='ocrx_word' id='word_1_121' title='bbox 789 2028 825 2089; x_wconf 80' lang='lat' dir='ltr'>A.</span> <span class='ocrx_word' id='word_1_122' title='bbox 843 2036 931 2089; x_wconf 88' lang='lat' dir='ltr'>vocat</span> <span class='ocrx_word' id='word_1_123' title='bbox 951 2025 1147 2101; x_wconf 89' lang='lat' dir='ltr'>Ordinandos,</span> <span class='ocrx_word' id='word_1_124' title='bbox 1168 2023 1284 2084; x_wconf 88' lang='lat' dir='ltr'>dicens:</span> <span class='ocrx_word' id='word_1_125' title='bbox 1312 2011 1427 2084; x_wconf 82' lang='lat' dir='ltr'>Acce-</span> 
     </span>
     <span class='ocr_line' id='line_1_17' title="bbox 19 2117 1426 2215; baseline -0.005 -24"><span class='ocrx_word' id='word_1_126' title='bbox 19 2204 23 2209; x_wconf 31' lang='lat'>·</span> <span class='ocrx_word' id='word_1_127' title='bbox 108 2117 191 2191; x_wconf 81' lang='lat' dir='ltr'>dant</span> <span class='ocrx_word' id='word_1_128' title='bbox 211 2123 268 2215; x_wconf 88' lang='lat' dir='ltr'>qui</span> <span class='ocrx_word' id='word_1_129' title='bbox 287 2122 467 2194; x_wconf 85' lang='lat' dir='ltr'>ordinandi</span> <span class='ocrx_word' id='word_1_130' title='bbox 485 2131 564 2196; x_wconf 86' lang='lat' dir='ltr'>sunl</span> <span class='ocrx_word' id='word_1_131' title='bbox 584 2121 627 2192; x_wconf 85' lang='lat' dir='ltr'>ad</span> <span class='ocrx_word' id='word_1_132' title='bbox 650 2120 799 2193; x_wconf 88' lang='lat' dir='ltr'>officium</span> <span class='ocrx_word' id='word_1_133' title='bbox 817 2119 1052 2193; x_wconf 85' lang='lat' dir='ltr'>Ostiariorum.</span> <span class='ocrx_word' id='word_1_134' title='bbox 1084 2127 1237 2188; x_wconf 88' lang='lat' dir='ltr'>Vocantur</span> <span class='ocrx_word' id='word_1_135' title='bbox 1253 2132 1283 2185; x_wconf 89' lang='lat' dir='ltr'>et</span> <span class='ocrx_word' id='word_1_136' title='bbox 1301 2141 1426 2203; x_wconf 86' lang='lat' dir='ltr'>respon·</span> 
     </span>
     <span class='ocr_line' id='line_1_18' title="bbox 105 2228 553 2313; baseline 0.002 -22"><span class='ocrx_word' id='word_1_137' title='bbox 105 2228 179 2292; x_wconf 88' lang='lat' dir='ltr'>dent</span> <span class='ocrx_word' id='word_1_138' title='bbox 193 2239 224 2292; x_wconf 87' lang='lat' dir='ltr'>ut</span> <span class='ocrx_word' id='word_1_139' title='bbox 238 2231 423 2293; x_wconf 79' lang='lat' dir='ltr'>Tonsuraudi</span> <span class='ocrx_word' id='word_1_140' title='bbox 437 2252 466 2313; x_wconf 90' lang='lat' dir='ltr'>p.</span> <span class='ocrx_word' id='word_1_141' title='bbox 481 2229 553 2292; x_wconf 78' lang='lat'>223.</span> 
     </span>
    </p>
   </div>
   <div class='ocr_carea' id='block_1_5' title="bbox 105 2326 1426 2522">
    <p class='ocr_par' dir='ltr' id='par_1_6' title="bbox 105 2326 1426 2522">
     <span class='ocr_line' id='line_1_19' title="bbox 212 2326 1426 2414; baseline -0.006 -21"><span class='ocrx_word' id='word_1_142' title='bbox 212 2332 355 2394; x_wconf 86' lang='lat' dir='ltr'>Omnibus</span> <span class='ocrx_word' id='word_1_143' title='bbox 369 2335 398 2394; x_wconf 92' lang='lat' dir='ltr'>iu</span> <span class='ocrx_word' id='word_1_144' title='bbox 414 2333 640 2414; x_wconf 87' lang='lat' dir='ltr'>superpelliceis</span> <span class='ocrx_word' id='word_1_145' title='bbox 655 2351 719 2392; x_wconf 93' lang='lat' dir='ltr'>cum</span> <span class='ocrx_word' id='word_1_146' title='bbox 733 2332 902 2393; x_wconf 88' lang='lat' dir='ltr'>candelisiu</span> <span class='ocrx_word' id='word_1_147' title='bbox 919 2328 1052 2391; x_wconf 91' lang='lat' dir='ltr'>manibus</span> <span class='ocrx_word' id='word_1_148' title='bbox 1067 2347 1165 2390; x_wconf 90' lang='lat' dir='ltr'>coram</span> <span class='ocrx_word' id='word_1_149' title='bbox 1177 2326 1320 2409; x_wconf 87' lang='lat' dir='ltr'>pontifice</span> <span class='ocrx_word' id='word_1_150' title='bbox 1334 2343 1426 2404; x_wconf 88' lang='lat' dir='ltr'>genu·</span> 
     </span>
     <span class='ocr_line' id='line_1_20' title="bbox 105 2416 1426 2522; baseline -0.005 -27"><span class='ocrx_word' id='word_1_151' title='bbox 105 2432 207 2514; x_wconf 81' lang='lat' dir='ltr'>lteris,</span> <span class='ocrx_word' id='word_1_152' title='bbox 224 2435 256 2497; x_wconf 86' lang='lat' dir='ltr'>P.</span> <span class='ocrx_word' id='word_1_153' title='bbox 272 2435 410 2498; x_wconf 87' lang='lat' dir='ltr'>admonet</span> <span class='ocrx_word' id='word_1_154' title='bbox 423 2435 492 2497; x_wconf 87' lang='lat' dir='ltr'>ilios</span> <span class='ocrx_word' id='word_1_155' title='bbox 507 2435 624 2496; x_wconf 84' lang='lat' dir='ltr'>dicens:</span> <span class='ocrx_word' id='word_1_156' title='bbox 644 2422 858 2520; x_wconf 87' lang='lat' dir='ltr'>Suscepturi,</span> <span class='ocrx_word' id='word_1_157' title='bbox 872 2423 931 2522; x_wconf 84' lang='lat' dir='ltr'>filii</span> <span class='ocrx_word' id='word_1_158' title='bbox 947 2422 1126 2511; x_wconf 84' lang='lat' dir='ltr'>carissimi,</span> <span class='ocrx_word' id='word_1_159' title='bbox 1149 2419 1299 2492; x_wconf 88' lang='lat' dir='ltr'>officium</span> <span class='ocrx_word' id='word_1_160' title='bbox 1315 2416 1426 2493; x_wconf 88' lang='lat' dir='ltr'>Ostia-</span> 
     </span>
    </p>
   </div>
   <div class='ocr_carea' id='block_1_6' title="bbox 105 2633 1440 3056">
    <p class='ocr_par' dir='ltr' id='par_1_7' title="bbox 105 2633 1440 3056">
     <span class='ocr_line' id='line_1_21' title="bbox 170 2633 1425 2716; baseline -0.008 -22"><span class='ocrx_word' id='word_1_161' title='bbox 170 2635 199 2716; x_wconf 93' lang='lat'>1)</span> <span class='ocrx_word' id='word_1_162' title='bbox 214 2637 403 2715; x_wconf 85' lang='lat' dir='ltr'>lliuusplaeet</span> <span class='ocrx_word' id='word_1_163' title='bbox 420 2642 489 2699; x_wconf 87' lang='lat' dir='ltr'>baec</span> <span class='ocrx_word' id='word_1_164' title='bbox 501 2639 624 2700; x_wconf 74' lang='lat' dir='ltr'>collecta</span> <span class='ocrx_word' id='word_1_165' title='bbox 641 2646 756 2713; x_wconf 91' lang='lat' dir='ltr'>propter</span> <span class='ocrx_word' id='word_1_166' title='bbox 773 2640 922 2698; x_wconf 89' lang='lat' dir='ltr'>saecularis</span> <span class='ocrx_word' id='word_1_167' title='bbox 940 2640 1013 2697; x_wconf 85' lang='lat' dir='ltr'>uitae</span> <span class='ocrx_word' id='word_1_168' title='bbox 1031 2639 1213 2707; x_wconf 88' lang='lat' dir='ltr'>contemptum</span> <span class='ocrx_word' id='word_1_169' title='bbox 1228 2636 1309 2702; x_wconf 88' lang='lat' dir='ltr'>atque</span> <span class='ocrx_word' id='word_1_170' title='bbox 1328 2633 1425 2685; x_wconf 88' lang='lat' dir='ltr'>contu·</span> 
     </span>
     <span class='ocr_line' id='line_1_22' title="bbox 105 2711 1424 2800; baseline -0.007 -19"><span class='ocrx_word' id='word_1_171' title='bbox 105 2723 219 2781; x_wconf 81' lang='lat' dir='ltr'>maaian</span> <span class='ocrx_word' id='word_1_172' title='bbox 232 2725 334 2782; x_wconf 86' lang='lat' dir='ltr'>illatam</span> <span class='ocrx_word' id='word_1_173' title='bbox 344 2726 431 2783; x_wconf 91' lang='lat' dir='ltr'>laicis.</span> <span class='ocrx_word' id='word_1_174' title='bbox 451 2726 646 2800; x_wconf 83' lang='lat' dir='ltr'>Antiquissima</span> <span class='ocrx_word' id='word_1_175' title='bbox 659 2725 740 2783; x_wconf 86' lang='lat' dir='ltr'>sedes</span> <span class='ocrx_word' id='word_1_176' title='bbox 752 2725 890 2782; x_wconf 84' lang='lat' dir='ltr'>Orationis</span> <span class='ocrx_word' id='word_1_177' title='bbox 905 2733 947 2782; x_wconf 90' lang='lat' dir='ltr'>est</span> <span class='ocrx_word' id='word_1_178' title='bbox 959 2724 1054 2781; x_wconf 85' lang='lat' dir='ltr'>codex</span> <span class='ocrx_word' id='word_1_179' title='bbox 1067 2737 1140 2779; x_wconf 87' lang='lat' dir='ltr'>saec.</span> <span class='ocrx_word' id='word_1_180' title='bbox 1151 2718 1185 2779; x_wconf 89' lang='lat' dir='ltr'>X.</span> <span class='ocrx_word' id='word_1_181' title='bbox 1198 2715 1270 2788; x_wconf 89' lang='lat' dir='ltr'>apud</span> <span class='ocrx_word' id='word_1_182' title='bbox 1283 2711 1424 2772; x_wconf 87' lang='lat' dir='ltr'>blorirmm.</span> 
     </span>
     <span class='ocr_line' id='line_1_23' title="bbox 168 2799 1440 2885; baseline -0.009 -22"><span class='ocrx_word' id='word_1_183' title='bbox 168 2806 200 2885; x_wconf 77' lang='lat'>2)</span> <span class='ocrx_word' id='word_1_184' title='bbox 215 2809 345 2868; x_wconf 88' lang='lat' dir='ltr'>Binterim</span> <span class='ocrx_word' id='word_1_185' title='bbox 366 2813 482 2869; x_wconf 86' lang='lat' dir='ltr'>Dcnkw.</span> <span class='ocrx_word' id='word_1_186' title='bbox 500 2813 527 2883; x_wconf 87' lang='lat'>1,</span> <span class='ocrx_word' id='word_1_187' title='bbox 550 2814 576 2867; x_wconf 93' lang='lat'>1.</span> <span class='ocrx_word' id='word_1_188' title='bbox 591 2828 618 2885; x_wconf 94' lang='lat' dir='ltr'>p.</span> <span class='ocrx_word' id='word_1_189' title='bbox 630 2810 698 2867; x_wconf 81' lang='lat' dir='ltr'>att:</span> <span class='ocrx_word' id='word_1_190' title='bbox 727 2811 778 2882; x_wconf 90' lang='lat' dir='ltr'>„ln</span> <span class='ocrx_word' id='word_1_191' title='bbox 794 2807 979 2867; x_wconf 87' lang='lat' dir='ltr'>Deutscbland</span> <span class='ocrx_word' id='word_1_192' title='bbox 994 2807 1101 2866; x_wconf 89' lang='lat' dir='ltr'>sebeint</span> <span class='ocrx_word' id='word_1_193' title='bbox 1119 2804 1180 2860; x_wconf 90' lang='lat' dir='ltr'>cine</span> <span class='ocrx_word' id='word_1_194' title='bbox 1197 2799 1440 2869; x_wconf 40' lang='lat' dir='ltr'>llandaudegung„</span> 
     </span>
     <span class='ocr_line' id='line_1_24' title="bbox 105 2881 1426 2968; baseline -0.008 -19"><span class='ocrx_word' id='word_1_195' title='bbox 105 2892 197 2949; x_wconf 84' lang='lat' dir='ltr'>iiblicb</span> <span class='ocrx_word' id='word_1_196' title='bbox 210 2911 343 2966; x_wconf 87' lang='lat' dir='ltr'>gewasen</span> <span class='ocrx_word' id='word_1_197' title='bbox 360 2914 394 2953; x_wconf 84' lang='lat' dir='ltr'>nu</span> <span class='ocrx_word' id='word_1_198' title='bbox 406 2897 481 2968; x_wconf 89' lang='lat' dir='ltr'>scin,</span> <span class='ocrx_word' id='word_1_199' title='bbox 499 2896 590 2953; x_wconf 84' lang='lat' dir='ltr'>indam</span> <span class='ocrx_word' id='word_1_200' title='bbox 608 2896 670 2953; x_wconf 91' lang='lat' dir='ltr'>eine</span> <span class='ocrx_word' id='word_1_201' title='bbox 682 2895 794 2966; x_wconf 75' lang='lat' dir='ltr'>synode</span> <span class='ocrx_word' id='word_1_202' title='bbox 812 2910 865 2951; x_wconf 86' lang='lat' dir='ltr'>von</span> <span class='ocrx_word' id='word_1_203' title='bbox 879 2895 956 2951; x_wconf 88' lang='lat' dir='ltr'>Trier</span> <span class='ocrx_word' id='word_1_204' title='bbox 967 2894 1037 2948; x_wconf 79' lang='lat'>1310</span> <span class='ocrx_word' id='word_1_205' title='bbox 1053 2889 1174 2958; x_wconf 87' lang='lat' dir='ltr'>bedeblt,</span> <span class='ocrx_word' id='word_1_206' title='bbox 1194 2886 1257 2943; x_wconf 89' lang='lat' dir='ltr'>dass</span> <span class='ocrx_word' id='word_1_207' title='bbox 1268 2884 1366 2940; x_wconf 88' lang='lat' dir='ltr'>keincr</span> <span class='ocrx_word' id='word_1_208' title='bbox 1379 2881 1426 2939; x_wconf 89' lang='lat' dir='ltr'>die</span> 
     </span>
     <span class='ocr_line' id='line_1_25' title="bbox 106 2964 1425 3056; baseline -0.011 -19"><span class='ocrx_word' id='word_1_209' title='bbox 106 2977 212 3037; x_wconf 81' lang='lat' dir='ltr'>Tonsor</span> <span class='ocrx_word' id='word_1_210' title='bbox 222 2986 319 3056; x_wconf 83' lang='lat' dir='ltr'>tragon</span> <span class='ocrx_word' id='word_1_211' title='bbox 330 2982 393 3053; x_wconf 91' lang='lat' dir='ltr'>soll,</span> <span class='ocrx_word' id='word_1_212' title='bbox 405 2982 493 3039; x_wconf 84' lang='lat' dir='ltr'>bevor</span> <span class='ocrx_word' id='word_1_213' title='bbox 503 2981 558 3037; x_wconf 88' lang='lat' dir='ltr'>ibm</span> <span class='ocrx_word' id='word_1_214' title='bbox 573 2980 617 3037; x_wconf 90' lang='lat' dir='ltr'>die</span> <span class='ocrx_word' id='word_1_215' title='bbox 628 2981 872 3052; x_wconf 82' lang='lat' dir='ltr'>Hindeauilegung</span> <span class='ocrx_word' id='word_1_216' title='bbox 887 2980 941 3036; x_wconf 93' lang='lat' dir='ltr'>und</span> <span class='ocrx_word' id='word_1_217' title='bbox 953 2980 1003 3035; x_wconf 90' lang='lat' dir='ltr'>der</span> <span class='ocrx_word' id='word_1_218' title='bbox 1014 2971 1267 3034; x_wconf 88' lang='lat' dir='ltr'>sacramentaliscbe</span> <span class='ocrx_word' id='word_1_219' title='bbox 1278 2968 1370 3038; x_wconf 86' lang='lat' dir='ltr'>Segen</span> <span class='ocrx_word' id='word_1_220' title='bbox 1382 2964 1425 3023; x_wconf 89' lang='lat' dir='ltr'>sei</span> 
     </span>
    </p>
   </div>
   <div class='ocr_carea' id='block_1_7' title="bbox 106 3046 1542 3141">
    <p class='ocr_par' dir='ltr' id='par_1_8' title="bbox 106 3046 1542 3141">
     <span class='ocr_line' id='line_1_26' title="bbox 106 3046 1542 3141; baseline -0.006 -22"><span class='ocrx_word' id='word_1_221' title='bbox 106 3062 218 3121; x_wconf 86' lang='lat' dir='ltr'>ertheilt</span> <span class='ocrx_word' id='word_1_222' title='bbox 234 3066 360 3126; x_wconf 88' lang='lat' dir='ltr'>worden.</span> <span class='ocrx_word' id='word_1_223' title='bbox 390 3068 444 3123; x_wconf 86' lang='lat' dir='ltr'>Das</span> <span class='ocrx_word' id='word_1_224' title='bbox 465 3066 708 3124; x_wconf 78' lang='lat' dir='ltr'>sacramentarium</span> <span class='ocrx_word' id='word_1_225' title='bbox 727 3064 892 3122; x_wconf 83' lang='lat' dir='ltr'>Gallicanum</span> <span class='ocrx_word' id='word_1_226' title='bbox 912 3060 1192 3141; x_wconf 85' lang='lat' dir='ltr'>(blabillon-bluseum</span> <span class='ocrx_word' id='word_1_227' title='bbox 1210 3054 1269 3114; x_wconf 87' lang='lat' dir='ltr'>ital.</span> <span class='ocrx_word' id='word_1_228' title='bbox 1283 3053 1304 3123; x_wconf 80' lang='lat'>1,</span> <span class='ocrx_word' id='word_1_229' title='bbox 1317 3069 1343 3123; x_wconf 95' lang='lat' dir='ltr'>p.</span> <span class='ocrx_word' id='word_1_230' title='bbox 1356 3046 1423 3127; x_wconf 82' lang='grc'>389)</span> <span class='ocrx_word' id='word_1_231' title='bbox 1531 3070 1542 3085; x_wconf 84' lang='lat'><strong><em>‘</em></strong></span> 
     </span>
    </p>
   </div>
   <div class='ocr_carea' id='block_1_8' title="bbox 11 3134 1428 4732">
    <p class='ocr_par' dir='ltr' id='par_1_9' title="bbox 11 3134 1428 4732">
     <span class='ocr_line' id='line_1_27' title="bbox 105 3134 1425 3223; baseline -0.01 -20"><span class='ocrx_word' id='word_1_232' title='bbox 105 3147 182 3204; x_wconf 85' lang='lat' dir='ltr'>itlbrt</span> <span class='ocrx_word' id='word_1_233' title='bbox 192 3149 253 3205; x_wconf 90' lang='lat' dir='ltr'>eine</span> <span class='ocrx_word' id='word_1_234' title='bbox 264 3150 544 3208; x_wconf 82' lang='lat' dir='ltr'>solebeltenedietion</span> <span class='ocrx_word' id='word_1_235' title='bbox 555 3168 606 3223; x_wconf 90' lang='lat' dir='ltr'>au,</span> <span class='ocrx_word' id='word_1_236' title='bbox 619 3151 709 3208; x_wconf 88' lang='lat' dir='ltr'>werin</span> <span class='ocrx_word' id='word_1_237' title='bbox 721 3151 789 3206; x_wconf 91' lang='lat' dir='ltr'>aucb</span> <span class='ocrx_word' id='word_1_238' title='bbox 805 3150 850 3206; x_wconf 89' lang='lat' dir='ltr'>die</span> <span class='ocrx_word' id='word_1_239' title='bbox 861 3149 936 3205; x_wconf 81' lang='lat' dir='ltr'>liade</span> <span class='ocrx_word' id='word_1_240' title='bbox 949 3164 1002 3204; x_wconf 89' lang='lat' dir='ltr'>von</span> <span class='ocrx_word' id='word_1_241' title='bbox 1016 3146 1093 3203; x_wconf 84' lang='lat' dir='ltr'>einer</span> <span class='ocrx_word' id='word_1_242' title='bbox 1103 3144 1224 3212; x_wconf 80' lang='lat' dir='ltr'>selburg</span> <span class='ocrx_word' id='word_1_243' title='bbox 1238 3134 1425 3213; x_wconf 81' lang='lat' dir='ltr'>vorkommt.“</span> 
     </span>
     <span class='ocr_line' id='line_1_28' title="bbox 107 3220 1424 3311; baseline -0.01 -23"><span class='ocrx_word' id='word_1_244' title='bbox 107 3232 231 3306; x_wconf 81' lang='lat' dir='ltr'>Respicit</span> <span class='ocrx_word' id='word_1_245' title='bbox 246 3234 298 3291; x_wconf 89' lang='lat' dir='ltr'>Vir</span> <span class='ocrx_word' id='word_1_246' title='bbox 315 3235 418 3293; x_wconf 83' lang='lat' dir='ltr'>Doctus</span> <span class='ocrx_word' id='word_1_247' title='bbox 435 3236 470 3292; x_wconf 92' lang='lat' dir='ltr'>ad</span> <span class='ocrx_word' id='word_1_248' title='bbox 485 3236 571 3293; x_wconf 83' lang='lat' dir='ltr'>verba</span> <span class='ocrx_word' id='word_1_249' title='bbox 585 3267 629 3278; x_wconf 96' lang='lat'>—</span> <span class='ocrx_word' id='word_1_250' title='bbox 646 3266 683 3277; x_wconf 90' lang='lat'>-</span> <span class='ocrx_word' id='word_1_251' title='bbox 705 3234 826 3292; x_wconf 89' lang='lat' dir='ltr'>manda</span> <span class='ocrx_word' id='word_1_252' title='bbox 843 3235 936 3311; x_wconf 78' lang='lat' dir='ltr'>Deuq</span> <span class='ocrx_word' id='word_1_253' title='bbox 956 3228 1243 3289; x_wconf 90' lang='lat' dir='ltr'>benedictionem</span> <span class='ocrx_word' id='word_1_254' title='bbox 1264 3228 1298 3279; x_wconf 88' lang='lat' dir='ltr'>et</span> <span class='ocrx_word' id='word_1_255' title='bbox 1319 3220 1424 3297; x_wconf 70' lang='lat' dir='ltr'>vitain</span> 
     </span>
     <span class='ocr_line' id='line_1_29' title="bbox 11 3302 1428 3394; baseline -0.011 -20"><span class='ocrx_word' id='word_1_256' title='bbox 11 3328 13 3333; x_wconf 69' lang='grc'><em>“</em></span> <span class='ocrx_word' id='word_1_257' title='bbox 106 3319 242 3374; x_wconf 81' lang='lat' dir='ltr'>famulo</span> <span class='ocrx_word' id='word_1_258' title='bbox 258 3324 335 3391; x_wconf 92' lang='lat' dir='ltr'>tuo,</span> <span class='ocrx_word' id='word_1_259' title='bbox 353 3327 389 3378; x_wconf 91' lang='lat' dir='ltr'>nt</span> <span class='ocrx_word' id='word_1_260' title='bbox 407 3328 637 3393; x_wconf 92' lang='lat' dir='ltr'>unguentum,</span> <span class='ocrx_word' id='word_1_261' title='bbox 658 3319 750 3394; x_wconf 88' lang='lat' dir='ltr'>quod</span> <span class='ocrx_word' id='word_1_262' title='bbox 774 3318 966 3376; x_wconf 88' lang='lat' dir='ltr'>deseendit</span> <span class='ocrx_word' id='word_1_263' title='bbox 986 3318 1019 3374; x_wconf 90' lang='lat' dir='ltr'>in</span> <span class='ocrx_word' id='word_1_264' title='bbox 1041 3313 1157 3387; x_wconf 85' lang='lat' dir='ltr'>eapite</span> <span class='ocrx_word' id='word_1_265' title='bbox 1174 3315 1207 3366; x_wconf 91' lang='lat' dir='ltr'>et</span> <span class='ocrx_word' id='word_1_266' title='bbox 1227 3307 1261 3365; x_wconf 91' lang='lat' dir='ltr'>in</span> <span class='ocrx_word' id='word_1_267' title='bbox 1283 3302 1428 3362; x_wconf 80' lang='lat' dir='ltr'>barbani</span> 
     </span>
     <span class='ocr_line' id='line_1_30' title="bbox 11 3388 1423 3475; baseline -0.004 -16"><span class='ocrx_word' id='word_1_268' title='bbox 11 3406 13 3411; x_wconf 83' lang='grc'>’</span> <span class='ocrx_word' id='word_1_269' title='bbox 106 3402 208 3459; x_wconf 88' lang='lat' dir='ltr'>illius</span> <span class='ocrx_word' id='word_1_270' title='bbox 228 3401 363 3475; x_wconf 76' lang='lat' dir='ltr'>Aaron,</span> <span class='ocrx_word' id='word_1_271' title='bbox 383 3413 463 3462; x_wconf 93' lang='lat' dir='ltr'>toto</span> <span class='ocrx_word' id='word_1_272' title='bbox 480 3411 623 3463; x_wconf 89' lang='lat' dir='ltr'>maneat</span> <span class='ocrx_word' id='word_1_273' title='bbox 644 3413 678 3461; x_wconf 91' lang='lat' dir='ltr'>et</span> <span class='ocrx_word' id='word_1_274' title='bbox 699 3405 732 3462; x_wconf 91' lang='lat' dir='ltr'>in</span> <span class='ocrx_word' id='word_1_275' title='bbox 754 3420 915 3475; x_wconf 85' lang='lat' dir='ltr'>corpore.</span> <span class='ocrx_word' id='word_1_276' title='bbox 953 3401 991 3459; x_wconf 79' lang='lat' dir='ltr'>At</span> <span class='ocrx_word' id='word_1_277' title='bbox 1011 3415 1079 3457; x_wconf 87' lang='lat' dir='ltr'>uero</span> <span class='ocrx_word' id='word_1_278' title='bbox 1103 3412 1162 3453; x_wconf 88' lang='lat' dir='ltr'>eum</span> <span class='ocrx_word' id='word_1_279' title='bbox 1185 3390 1296 3464; x_wconf 81' lang='lat' dir='ltr'>iu&#39;ipso</span> <span class='ocrx_word' id='word_1_280' title='bbox 1317 3388 1423 3462; x_wconf 67' lang='lat' dir='ltr'>psalmo</span> 
     </span>
     <span class='ocr_line' id='line_1_31' title="bbox 106 3474 1422 3562; baseline -0.01 -20"><span class='ocrx_word' id='word_1_281' title='bbox 106 3490 272 3556; x_wconf 79' lang='lat' dir='ltr'>unguentum</span> <span class='ocrx_word' id='word_1_282' title='bbox 287 3489 472 3560; x_wconf 86' lang='lat' dir='ltr'>metaphorice</span> <span class='ocrx_word' id='word_1_283' title='bbox 486 3497 642 3562; x_wconf 87' lang='lat' dir='ltr'>usurpatum</span> <span class='ocrx_word' id='word_1_284' title='bbox 658 3489 703 3560; x_wconf 86' lang='lat' dir='ltr'>sit,</span> <span class='ocrx_word' id='word_1_285' title='bbox 715 3490 786 3545; x_wconf 90' lang='lat' dir='ltr'>bene</span> <span class='ocrx_word' id='word_1_286' title='bbox 802 3487 830 3544; x_wconf 94' lang='lat' dir='ltr'>in</span> <span class='ocrx_word' id='word_1_287' title='bbox 847 3489 899 3544; x_wconf 91' lang='lat' dir='ltr'>hac</span> <span class='ocrx_word' id='word_1_288' title='bbox 911 3484 1037 3543; x_wconf 90' lang='lat' dir='ltr'>oratioue</span> <span class='ocrx_word' id='word_1_289' title='bbox 1048 3496 1156 3555; x_wconf 90' lang='lat' dir='ltr'>quoquc</span> <span class='ocrx_word' id='word_1_290' title='bbox 1166 3483 1260 3551; x_wconf 88' lang='lat' dir='ltr'>potest</span> <span class='ocrx_word' id='word_1_291' title='bbox 1275 3474 1422 3545; x_wconf 84' lang='lat' dir='ltr'>designare</span> 
     </span>
     <span class='ocr_line' id='line_1_32' title="bbox 105 3558 1422 3646; baseline -0.009 -18"><span class='ocrx_word' id='word_1_292' title='bbox 105 3570 326 3628; x_wconf 88' lang='lat' dir='ltr'>benedictionem</span> <span class='ocrx_word' id='word_1_293' title='bbox 344 3573 543 3646; x_wconf 85' lang='lat' dir='ltr'>episcopalem,</span> <span class='ocrx_word' id='word_1_294' title='bbox 562 3590 614 3646; x_wconf 90' lang='lat' dir='ltr'>qua</span> <span class='ocrx_word' id='word_1_295' title='bbox 632 3574 709 3645; x_wconf 88' lang='lat' dir='ltr'>quasi</span> <span class='ocrx_word' id='word_1_296' title='bbox 725 3572 874 3643; x_wconf 81' lang='lat' dir='ltr'>irrigantur</span> <span class='ocrx_word' id='word_1_297' title='bbox 889 3579 917 3628; x_wconf 91' lang='lat' dir='ltr'>et</span> <span class='ocrx_word' id='word_1_298' title='bbox 936 3560 1267 3626; x_wconf 87' lang='lat' dir='ltr'>imbuuntur·0rdinandi.</span> <span class='ocrx_word' id='word_1_299' title='bbox 1299 3558 1422 3632; x_wconf 84' lang='lat' dir='ltr'>Optimus</span> 
     </span>
     <span class='ocr_line' id='line_1_33' title="bbox 106 3645 1421 3727; baseline -0.011 -13"><span class='ocrx_word' id='word_1_300' title='bbox 106 3655 260 3714; x_wconf 90' lang='lat' dir='ltr'>sententiae</span> <span class='ocrx_word' id='word_1_301' title='bbox 271 3665 382 3714; x_wconf 88' lang='lat' dir='ltr'>uestrae</span> <span class='ocrx_word' id='word_1_302' title='bbox 394 3657 495 3715; x_wconf 82' lang='lat' dir='ltr'>uindex</span> <span class='ocrx_word' id='word_1_303' title='bbox 513 3665 555 3714; x_wconf 89' lang='lat' dir='ltr'>est</span> <span class='ocrx_word' id='word_1_304' title='bbox 568 3657 663 3715; x_wconf 83' lang='lat' dir='ltr'>Codex</span> <span class='ocrx_word' id='word_1_305' title='bbox 677 3658 705 3715; x_wconf 86' lang='lat' dir='ltr'>S.</span> <span class='ocrx_word' id='word_1_306' title='bbox 717 3656 840 3714; x_wconf 87' lang='lat' dir='ltr'>Victoris</span> <span class='ocrx_word' id='word_1_307' title='bbox 850 3672 924 3713; x_wconf 89' lang='lat' dir='ltr'>saec.</span> <span class='ocrx_word' id='word_1_308' title='bbox 935 3654 993 3712; x_wconf 83' lang='lat' dir='ltr'>xil.</span> <span class='ocrx_word' id='word_1_309' title='bbox 1006 3652 1077 3727; x_wconf 92' lang='lat' dir='ltr'>apud</span> <span class='ocrx_word' id='word_1_310' title='bbox 1091 3648 1232 3707; x_wconf 79' lang='lat' dir='ltr'>Morinum.</span> <span class='ocrx_word' id='word_1_311' title='bbox 1258 3645 1348 3717; x_wconf 87' lang='lat' dir='ltr'>„Dum</span> <span class='ocrx_word' id='word_1_312' title='bbox 1357 3646 1421 3701; x_wconf 84' lang='lat' dir='ltr'>ton-</span> 
     </span>
     <span class='ocr_line' id='line_1_34' title="bbox 106 3731 1420 3815; baseline -0.011 -18"><span class='ocrx_word' id='word_1_313' title='bbox 106 3740 156 3799; x_wconf 86' lang='lat' dir='ltr'>des</span> <span class='ocrx_word' id='word_1_314' title='bbox 167 3757 228 3813; x_wconf 83' lang='lat' dir='ltr'>sum</span> <span class='ocrx_word' id='word_1_315' title='bbox 244 3740 319 3798; x_wconf 88' lang='lat' dir='ltr'>dicas</span> <span class='ocrx_word' id='word_1_316' title='bbox 333 3742 531 3815; x_wconf 81' lang='lat' dir='ltr'>Antiphonem:</span> <span class='ocrx_word' id='word_1_317' title='bbox 552 3743 627 3802; x_wconf 86' lang='lat' dir='ltr'>Sicut</span> <span class='ocrx_word' id='word_1_318' title='bbox 641 3758 689 3800; x_wconf 88' lang='lat' dir='ltr'>ros</span> <span class='ocrx_word' id='word_1_319' title='bbox 706 3743 835 3812; x_wconf 80' lang='lat' dir='ltr'>Hermon,</span> <span class='ocrx_word' id='word_1_320' title='bbox 851 3741 896 3813; x_wconf 93' lang='lat' dir='ltr'>qui</span> <span class='ocrx_word' id='word_1_321' title='bbox 907 3737 1049 3796; x_wconf 90' lang='lat' dir='ltr'>descendit</span> <span class='ocrx_word' id='word_1_322' title='bbox 1059 3736 1087 3793; x_wconf 92' lang='lat' dir='ltr'>in</span> <span class='ocrx_word' id='word_1_323' title='bbox 1098 3734 1180 3804; x_wconf 86' lang='lat' dir='ltr'>Sion,</span> <span class='ocrx_word' id='word_1_324' title='bbox 1197 3732 1248 3789; x_wconf 88' lang='lat' dir='ltr'>sie</span> <span class='ocrx_word' id='word_1_325' title='bbox 1267 3731 1420 3786; x_wconf 89' lang='lat' dir='ltr'>descen·</span> 
     </span>
     <span class='ocr_line' id='line_1_35' title="bbox 106 3814 1421 3900; baseline -0.01 -19"><span class='ocrx_word' id='word_1_326' title='bbox 106 3824 164 3883; x_wconf 85' lang='lat' dir='ltr'>dat</span> <span class='ocrx_word' id='word_1_327' title='bbox 183 3842 287 3900; x_wconf 90' lang='lat' dir='ltr'>super</span> <span class='ocrx_word' id='word_1_328' title='bbox 304 3834 337 3884; x_wconf 89' lang='lat' dir='ltr'>te</span> <span class='ocrx_word' id='word_1_329' title='bbox 355 3828 559 3885; x_wconf 88' lang='lat' dir='ltr'>benedictio</span> <span class='ocrx_word' id='word_1_330' title='bbox 578 3828 648 3885; x_wconf 88' lang='lat' dir='ltr'>Dei.</span> <span class='ocrx_word' id='word_1_331' title='bbox 681 3826 716 3884; x_wconf 87' lang='lat' dir='ltr'>Et</span> <span class='ocrx_word' id='word_1_332' title='bbox 728 3827 799 3883; x_wconf 89' lang='lat' dir='ltr'>inira</span> <span class='ocrx_word' id='word_1_333' title='bbox 813 3856 849 3867; x_wconf 88' lang='lat'>-</span> <span class='ocrx_word' id='word_1_334' title='bbox 864 3856 906 3866; x_wconf 94' lang='lat'>-</span> <span class='ocrx_word' id='word_1_335' title='bbox 917 3823 1024 3881; x_wconf 82' lang='lat' dir='ltr'>aliunde</span> <span class='ocrx_word' id='word_1_336' title='bbox 1036 3835 1190 3895; x_wconf 89' lang='lat' dir='ltr'>supereum</span> <span class='ocrx_word' id='word_1_337' title='bbox 1203 3814 1421 3873; x_wconf 89' lang='lat' dir='ltr'>benedictionem</span> 
     </span>
     <span class='ocr_line' id='line_1_36' title="bbox 106 3896 1421 3987; baseline -0.011 -21"><span class='ocrx_word' id='word_1_338' title='bbox 106 3916 189 3982; x_wconf 76' lang='lat' dir='ltr'>mam,</span> <span class='ocrx_word' id='word_1_339' title='bbox 199 3918 229 3967; x_wconf 93' lang='lat' dir='ltr'>ut</span> <span class='ocrx_word' id='word_1_340' title='bbox 239 3911 267 3967; x_wconf 91' lang='lat' dir='ltr'>in</span> <span class='ocrx_word' id='word_1_341' title='bbox 283 3919 364 3987; x_wconf 89' lang='lat' dir='ltr'>caput</span> <span class='ocrx_word' id='word_1_342' title='bbox 374 3913 540 3986; x_wconf 86' lang='lat' dir='ltr'>barbamque</span> <span class='ocrx_word' id='word_1_343' title='bbox 552 3914 612 3971; x_wconf 89' lang='lat' dir='ltr'>eius</span> <span class='ocrx_word' id='word_1_344' title='bbox 625 3919 747 3970; x_wconf 88' lang='lat' dir='ltr'>transeat</span> <span class='ocrx_word' id='word_1_345' title='bbox 763 3911 857 3968; x_wconf 88' lang='lat' dir='ltr'>sieut</span> <span class='ocrx_word' id='word_1_346' title='bbox 872 3914 1104 3981; x_wconf 89' lang='lat' dir='ltr'>unguentum,</span> <span class='ocrx_word' id='word_1_347' title='bbox 1121 3901 1211 3978; x_wconf 89' lang='lat' dir='ltr'>quod</span> <span class='ocrx_word' id='word_1_348' title='bbox 1232 3896 1421 3981; x_wconf 76' lang='lat' dir='ltr'>deseendit</span> 
     </span>
     <span class='ocr_line' id='line_1_37' title="bbox 103 3981 1420 4072; baseline -0.01 -22"><span class='ocrx_word' id='word_1_349' title='bbox 103 3993 139 4050; x_wconf 93' lang='lat' dir='ltr'>iu</span> <span class='ocrx_word' id='word_1_350' title='bbox 162 3995 305 4054; x_wconf 88' lang='lat' dir='ltr'>barbam</span> <span class='ocrx_word' id='word_1_351' title='bbox 323 3998 502 4060; x_wconf 83' lang='lat' dir='ltr'>Aaron—</span> <span class='ocrx_word' id='word_1_352' title='bbox 516 3998 598 4072; x_wconf 76' lang='lat' dir='ltr'>Apud</span> <span class='ocrx_word' id='word_1_353' title='bbox 617 3997 743 4071; x_wconf 88' lang='lat' dir='ltr'>antiquos</span> <span class='ocrx_word' id='word_1_354' title='bbox 765 4010 839 4053; x_wconf 82' lang='lat' dir='ltr'>novo</span> <span class='ocrx_word' id='word_1_355' title='bbox 863 3995 966 4052; x_wconf 89' lang='lat' dir='ltr'>elerico</span> <span class='ocrx_word' id='word_1_356' title='bbox 987 3992 1151 4050; x_wconf 87' lang='lat' dir='ltr'>tondebatur</span> <span class='ocrx_word' id='word_1_357' title='bbox 1171 3993 1283 4062; x_wconf 85' lang='lat' dir='ltr'>praeter</span> <span class='ocrx_word' id='word_1_358' title='bbox 1305 3981 1420 4066; x_wconf 81' lang='lat' dir='ltr'>capillos</span> 
     </span>
     <span class='ocr_line' id='line_1_38' title="bbox 105 4065 1419 4159; baseline -0.013 -24"><span class='ocrx_word' id='word_1_359' title='bbox 105 4078 203 4153; x_wconf 88' lang='lat' dir='ltr'>eapitis</span> <span class='ocrx_word' id='word_1_360' title='bbox 222 4082 307 4138; x_wconf 89' lang='lat' dir='ltr'>barba</span> <span class='ocrx_word' id='word_1_361' title='bbox 329 4098 451 4157; x_wconf 89' lang='lat' dir='ltr'>quoquc:</span> <span class='ocrx_word' id='word_1_362' title='bbox 473 4083 573 4141; x_wconf 84' lang='lat' dir='ltr'>rideiu</span> <span class='ocrx_word' id='word_1_363' title='bbox 590 4082 713 4157; x_wconf 88' lang='lat' dir='ltr'>plurimis</span> <span class='ocrx_word' id='word_1_364' title='bbox 731 4080 809 4138; x_wconf 89' lang='lat' dir='ltr'>libris</span> <span class='ocrx_word' id='word_1_365' title='bbox 827 4080 1024 4138; x_wconf 77' lang='lat' dir='ltr'>Orationes</span> <span class='ocrx_word' id='word_1_366' title='bbox 1039 4077 1080 4134; x_wconf 88' lang='lat' dir='ltr'>ud</span> <span class='ocrx_word' id='word_1_367' title='bbox 1095 4075 1242 4132; x_wconf 89' lang='lat' dir='ltr'>barbam</span> <span class='ocrx_word' id='word_1_368' title='bbox 1262 4065 1419 4159; x_wconf 76' lang='lat' dir='ltr'>tondsn·</span> 
     </span>
     <span class='ocr_line' id='line_1_39' title="bbox 104 4150 1418 4246; baseline -0.011 -28"><span class='ocrx_word' id='word_1_369' title='bbox 104 4162 178 4219; x_wconf 88' lang='lat' dir='ltr'>dam</span> <span class='ocrx_word' id='word_1_370' title='bbox 188 4167 233 4223; x_wconf 81' lang='lat' dir='ltr'>vel</span> <span class='ocrx_word' id='word_1_371' title='bbox 248 4175 335 4240; x_wconf 91' lang='lat' dir='ltr'>post</span> <span class='ocrx_word' id='word_1_372' title='bbox 350 4185 433 4226; x_wconf 89' lang='lat' dir='ltr'>rasa</span> <span class='ocrx_word' id='word_1_373' title='bbox 443 4185 469 4223; x_wconf 87' lang='grc' dir='ltr'>ιιι</span> <span class='ocrx_word' id='word_1_374' title='bbox 487 4169 627 4224; x_wconf 89' lang='lat' dir='ltr'>barbam</span> <span class='ocrx_word' id='word_1_375' title='bbox 643 4185 668 4225; x_wconf 90' lang='lat' dir='ltr'>c.</span> <span class='ocrx_word' id='word_1_376' title='bbox 680 4185 709 4240; x_wconf 94' lang='lat' dir='ltr'>g.</span> <span class='ocrx_word' id='word_1_377' title='bbox 724 4166 752 4223; x_wconf 92' lang='lat' dir='ltr'>in</span> <span class='ocrx_word' id='word_1_378' title='bbox 768 4160 876 4222; x_wconf 70' lang='lat' dir='ltr'>codiee·</span> <span class='ocrx_word' id='word_1_379' title='bbox 889 4162 1098 4235; x_wconf 79' lang='lat' dir='ltr'>Rotomageusi:</span> <span class='ocrx_word' id='word_1_380' title='bbox 1120 4160 1204 4226; x_wconf 86' lang='lat' dir='ltr'>Deus,</span> <span class='ocrx_word' id='word_1_381' title='bbox 1216 4153 1261 4227; x_wconf 89' lang='lat' dir='ltr'>qui</span> <span class='ocrx_word' id='word_1_382' title='bbox 1272 4150 1418 4246; x_wconf 79' lang='lat' dir='ltr'>ecelesiam</span> 
     </span>
     <span class='ocr_line' id='line_1_40' title="bbox 103 4236 1419 4330; baseline -0.012 -28"><span class='ocrx_word' id='word_1_383' title='bbox 103 4254 177 4303; x_wconf 89' lang='lat' dir='ltr'>tuam</span> <span class='ocrx_word' id='word_1_384' title='bbox 200 4266 273 4309; x_wconf 87' lang='lat' dir='ltr'>nouo</span> <span class='ocrx_word' id='word_1_385' title='bbox 294 4269 402 4327; x_wconf 86' lang='lat' dir='ltr'>semper</span> <span class='ocrx_word' id='word_1_386' title='bbox 420 4254 496 4309; x_wconf 90' lang='lat' dir='ltr'>lectu</span> <span class='ocrx_word' id='word_1_387' title='bbox 518 4252 695 4325; x_wconf 89' lang='lat' dir='ltr'>multiplicas,</span> <span class='ocrx_word' id='word_1_388' title='bbox 720 4251 843 4307; x_wconf 89' lang='lat' dir='ltr'>concede</span> <span class='ocrx_word' id='word_1_389' title='bbox 863 4250 963 4307; x_wconf 78' lang='lat' dir='ltr'>famulo</span> <span class='ocrx_word' id='word_1_390' title='bbox 980 4257 1027 4306; x_wconf 93' lang='lat' dir='ltr'>tuo</span> <span class='ocrx_word' id='word_1_391' title='bbox 1041 4247 1085 4318; x_wconf 75' lang='lat' dir='ltr'>N,</span> <span class='ocrx_word' id='word_1_392' title='bbox 1099 4244 1144 4317; x_wconf 92' lang='lat' dir='ltr'>qui</span> <span class='ocrx_word' id='word_1_393' title='bbox 1168 4237 1252 4297; x_wconf 82' lang='lat' dir='ltr'>divini</span> <span class='ocrx_word' id='word_1_394' title='bbox 1272 4236 1379 4330; x_wconf 83' lang='lat' dir='ltr'>timqrrs</span> <span class='ocrx_word' id='word_1_395' title='bbox 1391 4237 1419 4288; x_wconf 84' lang='lat' dir='ltr'>et</span> 
     </span>
     <span class='ocr_line' id='line_1_41' title="bbox 102 4323 1416 4414; baseline -0.013 -27"><span class='ocrx_word' id='word_1_396' title='bbox 102 4333 205 4389; x_wconf 88' lang='lat' dir='ltr'>amoris</span> <span class='ocrx_word' id='word_1_397' title='bbox 227 4334 356 4396; x_wconf 90' lang='lat' dir='ltr'>instinctu</span> <span class='ocrx_word' id='word_1_398' title='bbox 376 4338 514 4395; x_wconf 85' lang='lat' dir='ltr'>exteriora</span> <span class='ocrx_word' id='word_1_399' title='bbox 529 4338 681 4411; x_wconf 87' lang='lat' dir='ltr'>pubertatis</span> <span class='ocrx_word' id='word_1_400' title='bbox 703 4335 833 4408; x_wconf 83' lang='lat' dir='ltr'>abscidit,</span> <span class='ocrx_word' id='word_1_401' title='bbox 853 4343 883 4392; x_wconf 92' lang='lat' dir='ltr'>ut</span> <span class='ocrx_word' id='word_1_402' title='bbox 900 4343 1006 4392; x_wconf 91' lang='lat' dir='ltr'>tuorum</span> <span class='ocrx_word' id='word_1_403' title='bbox 1022 4329 1139 4388; x_wconf 91' lang='lat' dir='ltr'>omnium</span> <span class='ocrx_word' id='word_1_404' title='bbox 1155 4323 1416 4414; x_wconf 37' lang='lat' dir='ltr'>Sanctorum&#39;mter-</span> 
     </span>
     <span class='ocr_line' id='line_1_42' title="bbox 101 4403 1416 4496; baseline -0.011 -26"><span class='ocrx_word' id='word_1_405' title='bbox 101 4416 273 4477; x_wconf 86' lang='lat' dir='ltr'>venientibus</span> <span class='ocrx_word' id='word_1_406' title='bbox 287 4423 399 4496; x_wconf 88' lang='lat' dir='ltr'>meritis,</span> <span class='ocrx_word' id='word_1_407' title='bbox 414 4423 504 4481; x_wconf 87' lang='lat' dir='ltr'>carnis</span> <span class='ocrx_word' id='word_1_408' title='bbox 515 4423 691 4496; x_wconf 87' lang='lat' dir='ltr'>petulantiam</span> <span class='ocrx_word' id='word_1_409' title='bbox 707 4437 762 4479; x_wconf 90' lang='lat' dir='ltr'>nou</span> <span class='ocrx_word' id='word_1_410' title='bbox 778 4423 867 4479; x_wconf 87' lang='lat' dir='ltr'>solum</span> <span class='ocrx_word' id='word_1_411' title='bbox 886 4421 1062 4487; x_wconf 88' lang='lat' dir='ltr'>verbotenus,</span> <span class='ocrx_word' id='word_1_412' title='bbox 1079 4411 1129 4471; x_wconf 87' lang='lat' dir='ltr'>sed</span> <span class='ocrx_word' id='word_1_413' title='bbox 1140 4408 1232 4464; x_wconf 90' lang='lat' dir='ltr'>intima</span> <span class='ocrx_word' id='word_1_414' title='bbox 1244 4403 1336 4460; x_wconf 82' lang='lat' dir='ltr'>cordus</span> <span class='ocrx_word' id='word_1_415' title='bbox 1349 4415 1416 4456; x_wconf 90' lang='lat' dir='ltr'>con-</span> 
     </span>
     <span class='ocr_line' id='line_1_43' title="bbox 99 4486 1416 4583; baseline -0.017 -19"><span class='ocrx_word' id='word_1_416' title='bbox 99 4500 215 4558; x_wconf 72' lang='lat' dir='ltr'>scientia</span> <span class='ocrx_word' id='word_1_417' title='bbox 228 4519 409 4577; x_wconf 79' lang='lat' dir='ltr'>perseverans</span> <span class='ocrx_word' id='word_1_418' title='bbox 421 4507 641 4583; x_wconf 76' lang='lat' dir='ltr'>conversatioque,</span> <span class='ocrx_word' id='word_1_419' title='bbox 653 4515 752 4566; x_wconf 79' lang='lat' dir='ltr'>tecum</span> <span class='ocrx_word' id='word_1_420' title='bbox 763 4507 861 4582; x_wconf 89' lang='lat' dir='ltr'>ubique</span> <span class='ocrx_word' id='word_1_421' title='bbox 872 4504 1055 4579; x_wconf 87' lang='lat' dir='ltr'>praecedente</span> <span class='ocrx_word' id='word_1_422' title='bbox 1067 4503 1094 4553; x_wconf 90' lang='lat' dir='ltr'>et</span> <span class='ocrx_word' id='word_1_423' title='bbox 1104 4494 1296 4566; x_wconf 88' lang='lat' dir='ltr'>subsequente,</span> <span class='ocrx_word' id='word_1_424' title='bbox 1308 4486 1416 4544; x_wconf 83' lang='lat' dir='ltr'>calcare</span> 
     </span>
     <span class='ocr_line' id='line_1_44' title="bbox 100 4586 1353 4732; baseline 0.001 -91"><span class='ocrx_word' id='word_1_425' title='bbox 100 4593 129 4642; x_wconf 88' lang='lat' dir='ltr'>et</span> <span class='ocrx_word' id='word_1_426' title='bbox 143 4591 328 4664; x_wconf 87' lang='lat' dir='ltr'>contemnere,</span> <span class='ocrx_word' id='word_1_427' title='bbox 339 4593 421 4651; x_wconf 87' lang='lat' dir='ltr'>vitam</span> <span class='ocrx_word' id='word_1_428' title='bbox 432 4600 568 4653; x_wconf 90' lang='lat' dir='ltr'>mereatur</span> <span class='ocrx_word' id='word_1_429' title='bbox 579 4600 726 4654; x_wconf 88' lang='lat' dir='ltr'>aeternam.</span> <span class='ocrx_word' id='word_1_430' title='bbox 1160 4659 1208 4732; x_wconf 72' lang='lat'>15</span> <span class='ocrx_word' id='word_1_431' title='bbox 1249 4592 1254 4597; x_wconf 87' lang='lat'>&#39;</span> <span class='ocrx_word' id='word_1_432' title='bbox 1335 4586 1353 4602; x_wconf 70' lang='lat'>&#39;⁶</span> 
     </span>
    </p>
   </div>
   <div class='ocr_carea' id='block_1_9' title="bbox 0 0 1610 5168">
    <p class='ocr_par' dir='ltr' id='par_1_10' title="bbox 0 0 1610 5168">
     <span class='ocr_line' id='line_1_45' title="bbox 0 0 1610 5168; baseline 0 0"><span class='ocrx_word' id='word_1_433' title='bbox 0 0 1610 5168; x_wconf 95' lang='lat' dir='ltr'> </span> 
     </span>
    </p>
   </div>
  </div>
 </body>
</html>
