3202 5176
758 323 834 395 aad

243 505 390 582 Domine
418 505 496 582 lesu
524 504 671 597 Christe,
699 511 757 602 qui
777 530 841 604 per
859 517 952 579 tuam
975 507 1222 578 sanctissimam
1243 503 1407 596 agoniam
1427 513 1461 573 et
1520 491 1522 496 ’

143 616 345 700 oraticnem,
373 633 438 706 qua
463 613 570 683 orasti
595 632 659 704 pre
685 611 785 684 nobis
810 614 845 681 iu
872 621 987 683 monte
1016 606 1156 696 Oliveti,
1184 605 1323 702 quando
1348 605 1460 679 factus

32 732 36 737 ·
142 728 194 788 est
215 715 320 789 sudor
340 724 427 799 tuus,
442 715 530 786 sicut
544 723 666 805 -guttae
691 714 867 805 sanguinis
896 712 1109 784 decurrentis
1132 713 1166 779 in
1188 719 1336 782 terrama
1360 708 1461 781 obse-

142 841 202 889 cro
228 827 276 892 te,
303 826 340 887 ut
365 816 611 887 multitudinem
638 815 774 888 sudoris
801 819 850 886 tui
874 816 1065 908 sanguinei,
1092 833 1193 907 quem
1220 833 1305 907 prae
1327 813 1461 884 timoris

140 923 297 1012 angustia
320 921 558 1013 copiosissime
581 940 645 1013 pro
668 918 767 991 nobis
791 917 956 1009 effudisti,
990 916 1116 987 oilerre
1140 926 1174 986 et
1198 913 1386 987 ostendere
1414 913 1460 984 di-

141 1024 257 1114 gneris
284 1021 361 1092 Deo
385 1021 477 1091 Patri
504 1024 726 1114 omnipotenti
755 1029 873 1091 contra
893 1019 1146 1090 multitudinem
1166 1019 1318 1089 omnium
1336 1038 1459 1112 pecca-

141 1134 254 1196 torum
281 1122 380 1196 huius
403 1123 520 1194 famuli
541 1126 588 1194 tui
610 1121 649 1193 Ν.
679 1132 712 1204 et
735 1122 843 1195 libera
864 1144 943 1193 eum
970 1123 1005 1191 in
1032 1120 1097 1191 hac
1117 1118 1203 1190 hora
1229 1122 1351 1192 mortis
1378 1140 1459 1192 suae

141 1225 182 1296 ab
210 1225 366 1299 omnibus
393 1229 514 1319 poenis
543 1236 577 1295 et
606 1227 792 1317 angustiis,
822 1247 906 1320 quas
935 1246 999 1323 pro
1029 1218 1275 1318 peccatissuis
1300 1244 1339 1295 se
1367 1223 1459 1293 timet

140 1331 317 1401 meruisse
371 1325 439 1412 out
466 1349 542 1398 cum
566 1328 667 1398 Patre
689 1338 752 1397 etc.

244 1439 380 1499 Secundo
397 1439 520 1500 dieitur:
539 1430 646 1525 llyrie
661 1430 797 1502 eleison
810 1440 873 1500 etc.
898 1428 1045 1501 Domine
1059 1424 1139 1500 lesu
1155 1421 1304 1514 Christe,
1324 1426 1384 1520 qui
1397 1414 1457 1520 pra

141 1519 242 1604 uobis
263 1534 351 1602 mori
371 1531 528 1623 dignatus
549 1555 587 1606 cs
609 1535 643 1602 in
662 1555 778 1621 cruce,
801 1532 948 1606 obsecro
963 1541 1012 1618 te,
1027 1539 1063 1600 ut
1079 1551 1197 1602 omnes
1215 1529 1457 1602 amaritudines

141 1637 338 1730 passionum
367 1644 401 1704 et
422 1656 612 1730 poenarum
629 1644 761 1706 tuarum
781 1656 866 1728 quas
880 1655 944 1730 pre
958 1632 1057 1705 uobis
1071 1634 1205 1704 miseris
1217 1629 1458 1725 peccatoribus

141 1737 359 1810 sustinuisti
350 1758 385 1805 m
405 1759 522 1824 cruce,
543 1740 691 1808 maxime
709 1741 745 1807 in
765 1738 824 1806 illa
840 1737 938 1825 hera,
962 1733 1097 1830 qnando
1116 1735 1330 1829 sanctissima
1350 1735 1457 1803 anima

140 1847 199 1909 tua
222 1858 367 1931 egressa
395 1848 447 1911 est
470 1840 513 1910 de
536 1840 749 1916 sanctissimo
776 1861 926 1934 carpere
948 1858 1031 1925 suc,
1064 1837 1189 1908 ollerre
1218 1847 1252 1908 et
1274 1835 1457 1909 ostendere

80 1979 83 1999 ι
140 1941 294 2032 digneris
321 1938 397 2011 Deo
425 1941 517 2013 Patri
544 1945 768 2037 omnipotenti
793 1963 857 2037 pro
885 1944 995 2011 anima
1023 1939 1122 2014 huius
1143 1939 1262 2010 famuli
1283 1941 1333 2009 tui
1357 1936 1399 2009 N.
1426 1948 1458 2008 et

139 2041 248 2113 libera
276 2063 355 2111 eum
380 2046 415 2111 in
439 2044 503 2114 hac
525 2044 609 2116 hera
632 2047 752 2116 mortis
774 2044 816 2115 ab
845 2043 1000 2115 omnibus
1022 2043 1144 2138 poenis
1167 2051 1202 2111 et
1228 2040 1457 2137 passionibus,

140 2147 226 2238 quas
245 2165 311 2240 pro
332 2149 483 2241 peccatis
506 2149 578 2219 suis
605 2165 644 2218 se
663 2148 760 2216 timet
786 2146 963 2218 meruisse.
1019 2143 1180 2230 Quicum
1202 2144 1305 2215 Patre
1328 2155 1395 2216 etc.

243 2255 345 2316 Tertio
360 2256 481 2318 dicitur:
501 2248 610 2344 llyrie
631 2248 768 2320 eleison
786 2258 848 2318 etc.
888 2247 1035 2318 Domine
1055 2244 1134 2320 lesu
1153 2244 1302 2336 Christe,
1322 2249 1382 2340 qui
1399 2268 1458 2342 per

17 2402 20 2417 ,
139 2368 180 2421 os
207 2347 401 2444 Prophetae
428 2350 560 2425 dixisti:
596 2350 635 2421 ln
658 2354 802 2422 caritate
823 2359 991 2446 perpetua
1015 2349 1120 2421 dilexi
1142 2358 1199 2439 te,
1228 2349 1309 2420 ideo
1331 2350 1457 2420 attraxi

138 2459 173 2521 te
199 2453 385 2524 miserans:
414 2453 562 2526 obsecro
588 2463 643 2542 te,
671 2463 708 2524 ut
736 2453 880 2523 eandem
902 2455 1076 2526 caritatem
1099 2463 1209 2540 tuam,
1239 2472 1328 2545 quae
1354 2461 1390 2522 te
1416 2451 1457 2522 de

139 2554 249 2625 coelis
268 2556 304 2634 in
323 2563 450 2626 terram
473 2556 516 2628 ad
537 2557 736 2629 tolerandas
759 2559 908 2627 omnium
928 2559 1126 2650 passionum
1144 2564 1278 2624 tuarum
1300 2557 1457 2624 amaritu-

139 2655 236 2730 dines
262 2661 413 2747 attraxit
436 2659 563 2730 offerre
586 2667 621 2730 et
644 2658 829 2733 ostendere
852 2659 1002 2751 digneris
1023 2656 1099 2729 Deo
1121 2658 1213 2728 Patri
1235 2657 1457 2752 omnipotenti

138 2777 201 2854 pro
229 2762 340 2829 anima
363 2761 463 2835 huius
490 2762 609 2833 famuli
630 2764 679 2832 tur
699 2760 739 2832 N
764 2770 798 2833 et
817 2761 933 2832 libera
951 2781 1028 2831 eum
1051 2760 1093 2831 ab
1115 2757 1270 2832 omuibus
1289 2760 1457 2863 passioni-

137 2859 202 2932 bus
224 2869 259 2930 et
279 2865 421 2955 poenis,
444 2884 529 2958 quas
546 2884 611 2959 pro
634 2865 786 2960 peccatis
809 2866 880 2937 suis
900 2866 996 2935 timet
1015 2882 1055 2936 se
1075 2865 1253 2949 meruisse.
1295 2860 1341 2932 Et
1361 2850 1457 2934 s'alva

42 3180 44 3184 ’
138 3165 214 3244 misit
227 3166 295 3221 baec
310 3166 399 3222 omnia
415 3183 446 3222 se
460 3167 576 3223 libenter
592 3168 742 3239 iacturum,
756 3168 830 3240 quod
845 3175 872 3225 et
886 3165 952 3226 iecit
966 3184 1025 3224 cum
1040 3167 1182 3239 diligentia
1198 3174 1226 3224 et
1240 3165 1390 3223 devotione
1406 3183 1458 3238 qua

139 3238 238 3322 potuit.
276 3251 342 3306 Post
356 3259 471 3308 mortem
486 3269 614 3310 reversus
630 3260 672 3310 est
689 3254 760 3326 Papa
775 3254 933 3326 splendidus
947 3253 981 3309 ad
996 3271 1054 3311 eum
1070 3260 1099 3309 et
1114 3269 1280 3323 coruscans,
1295 3258 1389 3346 grates
1404 3251 1457 3304 im-

125 3351 248 3391 mensas
262 3335 314 3391 sibi
330 3337 454 3393 referens
469 3345 496 3394 et
512 3338 622 3406 dicens,
637 3340 670 3393 ab
689 3340 760 3394 omui
776 3355 865 3411 poena
881 3356 911 3396 se
926 3357 956 3394 es
950 3355 988 3395 se
1003 3339 1154 3394 liberatum.
1185 3338 1251 3394 Nam
1263 3342 1323 3408 pest
1338 3336 1456 3408 primum

139 3420 168 3476 P.
184 3418 216 3474 N.
244 3420 375 3477 Dominus
392 3429 486 3478 noster
499 3423 573 3480 lesus
590 3422 668 3478 Chris
663 3429 712 3480 tus
728 3423 856 3479 sudorem
870 3440 946 3480 suum
960 3423 1136 3493 sanguineum
1151 3438 1202 3494 pro
1218 3438 1260 3477 me
1274 3419 1347 3476 Patri
1362 3427 1457 3475 osten·

137 3503 224 3574 dens,
246 3521 352 3561 omnem
373 3524 458 3562 meam
473 3506 643 3580 propulsavit
660 3508 821 3578 angustiam
851 3509 916 3566 Post
932 3507 1123 3564 secundumP.
1141 3507 1171 3561 N.
1188 3522 1239 3579 per
1252 3503 1456 3561 amaritudinem

138 3588 255 3646 omnium
269 3591 424 3661 passionum
440 3608 547 3647 suarum
563 3593 652 3648 omnia
670 3601 783 3664 peccata
799 3610 857 3648 mea
873 3600 903 3649 nt
916 3594 1012 3648 nubem
1028 3592 1138 3648 delevit.
1173 3592 1238 3648 Post
1253 3591 1408 3650 tertinml’.
1423 3590 1454 3648 ll.

136 3690 188 3746 per
211 3673 351 3730 ceritatem
372 3693 446 3731 suam
468 3677 563 3733 coelos
575 3678 718 3732 reseravit
740 3685 767 3732 et
790 3695 832 3733 me
848 3695 906 3733 cum
922 3678 1024 3747 gaudio
1038 3676 1219 3733 introduxit.“
1262 3677 1353 3732 Docet
1368 3682 1455 3731 tamen

137 3759 227 3814 labala
250 3759 322 3830 qrrod
345 3761 428 3816 decet
447 3761 559 3833 integer
575 3761 651 3818 Orda
666 3763 930 3832 Commendatiunis,
953 3762 1087 3818 Christum
1107 3762 1262 3818 crucifixum
1277 3760 1456 3818 morientibus

137 3843 246 3900 ouandi
268 3860 302 3899 ac
323 3846 508 3902 commendari
527 3847 633 3902 unicam
655 3863 780 3918 causam,
801 3847 908 3903 unicum
928 3848 1030 3904 lentem
1054 3847 1157 3907 salutis.
1194 3846 1247 3913 llis
1270 3845 1352 3901 iidem
1373 3844 1457 3902 babe-

136 3930 213 4001 bunt,
229 3944 265 3984 ex
279 3922 392 4001 quorum
407 3931 537 4003 opinione
551 3933 686 3988 ltonranae
702 3933 838 3989 ecclesiae
853 3933 990 4005 puppis'et
1000 3929 1457 4004 proraestSanctoruminvocatio.

135 4012 269 4085 lllnogius
284 4010 537 4087 (Universalgescb.
559 4017 608 4073 der
624 4017 733 4076 Christi.
750 4019 781 4073 ll.
798 4017 848 4078 lid,
864 4018 890 4072 3.
913 4035 940 4089 p.
955 4016 1022 4091 822)
1038 4034 1072 4071 en
1087 4016 1201 4087 Agenda
1218 4015 1372 4073 Gnesnensi
1385 4027 1457 4070 anno

137 4100 206 4154 1⁵03
226 4098 299 4156 edita
321 4101 389 4156 bae'c
404 4102 565 4174 exscripsit:
585 4134 622 4144 —
639 4133 679 4146 —
698 4103 758 4159 Und
773 4119 806 4158 aa
819 4103 873 4158 den
886 4100 1056 4159 Sterbendeu
1072 4110 1152 4173 segle
1166 4117 1241 4156 man:
1258 4101 1389 4157 Glaubest
1403 4095 1457 4166 Du,

137 4182 200 4240 dass
215 4186 257 4240 Du
278 4185 353 4241 nicbt
374 4187 474 4243 andere
493 4187 565 4256 selig
587 4187 700 4243 werden
723 4187 776 4243 und
797 4188 825 4243 in
847 4187 897 4243 das
912 4187 1004 4257 ewige
1019 4187 1109 4242 leben
1124 4187 1260 4256 eingeben
1275 4187 1394 4255 kannei,
1419 4183 1458 4238 als

136 4267 222 4323 durch
243 4269 293 4325 das
309 4271 459 4336 Yerdienst
480 4272 530 4328 des
546 4272 660 4329 Leidens
679 4289 795 4329 anseres
811 4273 899 4328 Herna
916 4274 976 4328 lesu
992 4269 1105 4327 Christi
1133 4273 1170 4327 la.
1201 4272 1282 4327 Setae
1296 4271 1356 4326 also
1371 4269 1458 4326 licina

135 4354 372 4427 gannelloiinung
387 4356 441 4413 und
451 4357 602 4412 Vertrauen
618 4357 665 4411 aui
674 4356 731 4412 dies
741 4358 933 4413 bittreiteiden
943 4356 1122 4412 unddenTod
1132 4356 1240 4412 christi.
1264 4357 1374 4411 Dicsem
1382 4351 1458 4410 'lodo

136 4438 271 4509 tibergieb
287 4438 353 4495 Diali
375 4459 444 4512 gana
465 4442 519 4497 und
541 4441 648 4497 zwetne
660 4441 714 4496 und
735 4459 854 4514 vernage
876 4443 951 4498 uicbt
967 4459 1001 4497 an
1017 4442 1113 4497 Gottcs
1129 4440 1374 4511 Barmbernigireit.
1405 4438 1462 4497 dui

136 4520 226 4579 nicbts
239 4524 347 4579 Anders
370 4533 455 4582 musst
470 4528 509 4582 ltu
530 4531 686 4582 veruesca.
716 4526 763 4582 itit
784 4526 845 4583 dem
865 4527 1012 4598 alleinigen
1027 4526 1102 4582 Tode
1117 4527 1218 4583 Cbristi
1233 4533 1319 4583 mussi
1334 4527 1374 4581 lln
1391 4524 1460 4580 utcu

137 4606 295 4677 bedeckan,
310 4609 387 4665 darin
402 4610 566 4667 einwiclreln
582 4610 635 4666 und
648 4624 681 4667 su
696 4611 750 4666 ibn
765 4610 909 4669 biniliebeu
923 4630 952 4669 s.
964 4630 988 4668 s.
1002 4629 1040 4668 w.
