<?xml version="1.0" encoding="UTF-8"?>
<!DOCTYPE html PUBLIC "-//W3C//DTD XHTML 1.0 Transitional//EN"
    "http://www.w3.org/TR/xhtml1/DTD/xhtml1-transitional.dtd">
<html xmlns="http://www.w3.org/1999/xhtml" xml:lang="en" lang="en">
 <head>
  <title>
</title>
<meta http-equiv="Content-Type" content="text/html;charset=utf-8" />
  <meta name='ocr-system' content='tesseract 3.04.00' />
  <meta name='ocr-capabilities' content='ocr_page ocr_carea ocr_par ocr_line ocrx_word'/>
</head>
<body>
  <div class='ocr_page' id='page_1' title='image "./codexliturgicus02danigoog_0191.png"; bbox 0 0 3202 5176; ppageno 0'>
   <div class='ocr_carea' id='block_1_1' title="bbox 759 351 832 419">
    <p class='ocr_par' dir='ltr' id='par_1_1' title="bbox 759 351 832 419">
     <span class='ocr_line' id='line_1_1' title="bbox 759 351 832 419; baseline 0 0"><span class='ocrx_word' id='word_1_1' title='bbox 759 351 832 419; x_wconf 87' lang='lat'><strong>160</strong></span> 
     </span>
    </p>
   </div>
   <div class='ocr_carea' id='block_1_2' title="bbox 141 540 1493 1047">
    <p class='ocr_par' dir='ltr' id='par_1_2' title="bbox 141 540 1493 936">
     <span class='ocr_line' id='line_1_2' title="bbox 244 540 1493 624; baseline -0.007 -15"><span class='ocrx_word' id='word_1_2' title='bbox 244 547 367 623; x_wconf 85' lang='lat' dir='ltr'><strong>Quando</strong></span> <span class='ocrx_word' id='word_1_3' title='bbox 388 544 521 606; x_wconf 89' lang='lat' dir='ltr'><strong>lnlrrmus</strong></span> <span class='ocrx_word' id='word_1_4' title='bbox 542 551 667 624; x_wconf 90' lang='lat' dir='ltr'><strong>propter</strong></span> <span class='ocrx_word' id='word_1_5' title='bbox 689 544 828 603; x_wconf 83' lang='lat' dir='ltr'><strong>vomitum</strong></span> <span class='ocrx_word' id='word_1_6' title='bbox 850 551 899 602; x_wconf 91' lang='lat' dir='ltr'><strong>aut</strong></span> <span class='ocrx_word' id='word_1_7' title='bbox 920 541 996 602; x_wconf 84' lang='lat' dir='ltr'><strong>aliud</strong></span> <span class='ocrx_word' id='word_1_8' title='bbox 1019 542 1196 609; x_wconf 83' lang='lat' dir='ltr'><strong>infirmitatis</strong></span> <span class='ocrx_word' id='word_1_9' title='bbox 1214 540 1464 623; x_wconf 67' lang='lat' dir='ltr'>impedimentum</span> <span class='ocrx_word' id='word_1_10' title='bbox 1488 572 1493 583; x_wconf 91' lang='lat'><em>·</em></span> 
     </span>
     <span class='ocr_line' id='line_1_3' title="bbox 142 644 1463 748; baseline -0.009 -34"><span class='ocrx_word' id='word_1_11' title='bbox 142 671 201 748; x_wconf 84' lang='lat'>¹¹.⁰¹¹</span> <span class='ocrx_word' id='word_1_12' title='bbox 216 653 305 712; x_wconf 91' lang='lat' dir='ltr'><strong>luerit</strong></span> <span class='ocrx_word' id='word_1_13' title='bbox 320 646 594 710; x_wconf 89' lang='lat' dir='ltr'><strong>communicandus:</strong></span> <span class='ocrx_word' id='word_1_14' title='bbox 608 655 709 725; x_wconf 88' lang='lat' dir='ltr'><strong>potest</strong></span> <span class='ocrx_word' id='word_1_15' title='bbox 723 647 779 705; x_wconf 86' lang='lat' dir='ltr'>sibi</span> <span class='ocrx_word' id='word_1_16' title='bbox 796 645 914 705; x_wconf 90' lang='lat' dir='ltr'><strong>ostendi</strong></span> <span class='ocrx_word' id='word_1_17' title='bbox 930 663 1038 724; x_wconf 90' lang='lat' dir='ltr'><strong>corpus</strong></span> <span class='ocrx_word' id='word_1_18' title='bbox 1053 645 1170 706; x_wconf 84' lang='lat' dir='ltr'><strong>Domini</strong></span> <span class='ocrx_word' id='word_1_19' title='bbox 1191 644 1256 707; x_wconf 90' lang='lat' dir='ltr'><strong>ad</strong></span> <span class='ocrx_word' id='word_1_20' title='bbox 1245 646 1349 725; x_wconf 78' lang='lat' dir='ltr'><strong>ipsius</strong></span> <span class='ocrx_word' id='word_1_21' title='bbox 1361 644 1463 703; x_wconf 87' lang='lat' dir='ltr'><strong>iulirrai</strong></span> 
     </span>
     <span class='ocr_line' id='line_1_4' title="bbox 141 734 1464 827; baseline -0.008 -11"><span class='ocrx_word' id='word_1_22' title='bbox 141 734 282 816; x_wconf 81' lang='lat' dir='ltr'><strong>maiorem</strong></span> <span class='ocrx_word' id='word_1_23' title='bbox 304 752 492 812; x_wconf 83' lang='lat' dir='ltr'><strong>devotionem</strong></span> <span class='ocrx_word' id='word_1_24' title='bbox 514 758 545 808; x_wconf 88' lang='lat' dir='ltr'><strong>et</strong></span> <span class='ocrx_word' id='word_1_25' title='bbox 562 748 720 825; x_wconf 80' lang='lat' dir='ltr'><strong>digitorum</strong></span> <span class='ocrx_word' id='word_1_26' title='bbox 739 747 813 808; x_wconf 93' lang='lat' dir='ltr'><strong>lotio</strong></span> <span class='ocrx_word' id='word_1_27' title='bbox 828 747 885 808; x_wconf 84' lang='lat' dir='ltr'><strong>sibi</strong></span> <span class='ocrx_word' id='word_1_28' title='bbox 901 747 1004 824; x_wconf 90' lang='lat' dir='ltr'><strong>detur,</strong></span> <span class='ocrx_word' id='word_1_29' title='bbox 1024 766 1049 807; x_wconf 93' lang='lat' dir='ltr'><strong>sr</strong></span> <span class='ocrx_word' id='word_1_30' title='bbox 1042 748 1212 827; x_wconf 87' lang='lat' dir='ltr'><strong>voluerit,</strong></span> <span class='ocrx_word' id='word_1_31' title='bbox 1231 746 1374 809; x_wconf 85' lang='lat' dir='ltr'><strong>diceudo</strong></span> <span class='ocrx_word' id='word_1_32' title='bbox 1390 745 1464 806; x_wconf 84' lang='lat' dir='ltr'><strong>Psal-</strong></span> 
     </span>
     <span class='ocr_line' id='line_1_5' title="bbox 141 836 955 936; baseline -0.006 -18"><span class='ocrx_word' id='word_1_33' title='bbox 141 876 239 918; x_wconf 88' lang='lat' dir='ltr'><strong>mum:</strong></span> <span class='ocrx_word' id='word_1_34' title='bbox 278 845 373 917; x_wconf 91' lang='lat' dir='ltr'><strong>Deus</strong></span> <span class='ocrx_word' id='word_1_35' title='bbox 397 846 603 915; x_wconf 87' lang='lat' dir='ltr'><strong>misereatur</strong></span> <span class='ocrx_word' id='word_1_36' title='bbox 626 843 734 912; x_wconf 77' lang='lat' dir='ltr'><strong>nostri</strong></span> <span class='ocrx_word' id='word_1_37' title='bbox 762 851 824 911; x_wconf 89' lang='lat' dir='ltr'><strong>etc.</strong></span> <span class='ocrx_word' id='word_1_38' title='bbox 841 836 885 936; x_wconf 85' lang='lat'><strong>¹.)</strong></span> <span class='ocrx_word' id='word_1_39' title='bbox 944 888 955 913; x_wconf 89' lang='lat'><strong>-.</strong></span> 
     </span>
    </p>

    <p class='ocr_par' dir='ltr' id='par_1_3' title="bbox 242 938 1446 1047">
     <span class='ocr_line' id='line_1_6' title="bbox 242 938 1446 1047; baseline -0.003 -30"><span class='ocrx_word' id='word_1_40' title='bbox 242 947 386 1027; x_wconf 83' lang='lat' dir='ltr'><strong>Oratio·</strong></span> <span class='ocrx_word' id='word_1_41' title='bbox 426 944 648 1039; x_wconf 83' lang='lat' dir='ltr'><strong>Omnipotens</strong></span> <span class='ocrx_word' id='word_1_42' title='bbox 671 942 878 1038; x_wconf 84' lang='lat' dir='ltr'><strong>sempiterne</strong></span> <span class='ocrx_word' id='word_1_43' title='bbox 905 942 1000 1015; x_wconf 89' lang='lat' dir='ltr'><strong>Deus</strong></span> <span class='ocrx_word' id='word_1_44' title='bbox 1029 945 1092 1038; x_wconf 81' lang='lat' dir='ltr'><strong>qui.</strong></span> <span class='ocrx_word' id='word_1_45' title='bbox 1107 942 1280 1017; x_wconf 88' lang='lat' dir='ltr'><strong>subvenis</strong></span> <span class='ocrx_word' id='word_1_46' title='bbox 1303 953 1388 1047; x_wconf 39' lang='lat' dir='ltr'><strong>etc..</strong></span> <span class='ocrx_word' id='word_1_47' title='bbox 1386 938 1446 1040; x_wconf 77' lang='lat'><strong>²),</strong></span> 
     </span>
    </p>
   </div>
   <div class='ocr_carea' id='block_1_3' title="bbox 138 1094 348 1106">
    <p class='ocr_par' dir='ltr' id='par_1_4' title="bbox 138 1094 348 1106">
     <span class='ocr_line' id='line_1_7' title="bbox 138 1094 348 1106; baseline -0.019 0"><span class='ocrx_word' id='word_1_48' title='bbox 138 1094 348 1106; x_wconf 55' lang='lat' dir='ltr'>...u-—</span> 
     </span>
    </p>
   </div>
   <div class='ocr_carea' id='block_1_4' title="bbox 137 1157 1469 2069">
    <p class='ocr_par' dir='ltr' id='par_1_5' title="bbox 137 1157 1469 2069">
     <span class='ocr_line' id='line_1_8' title="bbox 141 1157 1462 1244; baseline -0.003 -22"><span class='ocrx_word' id='word_1_49' title='bbox 141 1157 146 1165; x_wconf 72' lang='grc'>’</span> <span class='ocrx_word' id='word_1_50' title='bbox 226 1166 253 1244; x_wconf 87' lang='grc'><strong>1)</strong></span> <span class='ocrx_word' id='word_1_51' title='bbox 226 1168 379 1224; x_wconf 91' lang='lat' dir='ltr'><strong>Sltatuta</strong></span> <span class='ocrx_word' id='word_1_52' title='bbox 394 1162 614 1220; x_wconf 83' lang='lat' dir='ltr'><strong>Cameracensia:</strong></span> <span class='ocrx_word' id='word_1_53' title='bbox 638 1163 666 1219; x_wconf 92' lang='lat' dir='ltr'><strong>Si</strong></span> <span class='ocrx_word' id='word_1_54' title='bbox 681 1163 801 1218; x_wconf 79' lang='lat' dir='ltr'><strong>inlrrmus</strong></span> <span class='ocrx_word' id='word_1_55' title='bbox 815 1163 972 1235; x_wconf 78' lang='lat' dir='ltr'><strong>frequenter</strong></span> <span class='ocrx_word' id='word_1_56' title='bbox 987 1162 1115 1220; x_wconf 84' lang='lat' dir='ltr'><strong>vomitum</strong></span> <span class='ocrx_word' id='word_1_57' title='bbox 1134 1161 1189 1217; x_wconf 86' lang='lat' dir='ltr'><strong>levi</strong></span> <span class='ocrx_word' id='word_1_58' title='bbox 1205 1162 1370 1219; x_wconf 81' lang='lat' dir='ltr'><strong>occasione</strong></span> <span class='ocrx_word' id='word_1_59' title='bbox 1381 1162 1462 1235; x_wconf 85' lang='lat' dir='ltr'><strong>patia-</strong></span> 
     </span>
     <span class='ocr_line' id='line_1_9' title="bbox 140 1244 1459 1339; baseline -0.005 -29"><span class='ocrx_word' id='word_1_60' title='bbox 140 1263 194 1322; x_wconf 92' lang='lat' dir='ltr'><strong>tur,</strong></span> <span class='ocrx_word' id='word_1_61' title='bbox 209 1269 265 1308; x_wconf 93' lang='lat' dir='ltr'><strong>non</strong></span> <span class='ocrx_word' id='word_1_62' title='bbox 277 1252 435 1307; x_wconf 81' lang='lat' dir='ltr'><strong>conferatur</strong></span> <span class='ocrx_word' id='word_1_63' title='bbox 450 1264 584 1318; x_wconf 87' lang='lat' dir='ltr'><strong>ercorpus</strong></span> <span class='ocrx_word' id='word_1_64' title='bbox 597 1247 706 1316; x_wconf 76' lang='lat' dir='ltr'><strong>Christr</strong></span> <span class='ocrx_word' id='word_1_65' title='bbox 723 1247 770 1302; x_wconf 82' lang='lat' dir='ltr'><strong>sed</strong></span> <span class='ocrx_word' id='word_1_66' title='bbox 785 1248 878 1302; x_wconf 90' lang='lat' dir='ltr'><strong>credat</strong></span> <span class='ocrx_word' id='word_1_67' title='bbox 881 1266 967 1320; x_wconf 89' lang='lat' dir='ltr'><strong>qma</strong></span> <span class='ocrx_word' id='word_1_68' title='bbox 980 1248 1291 1339; x_wconf 79' lang='lat' dir='ltr'><strong>sparrtualrteracceprt</strong></span> <span class='ocrx_word' id='word_1_69' title='bbox 1382 1244 1413 1322; x_wconf 73' lang='grc' dir='ltr'><strong>ι)</strong></span> <span class='ocrx_word' id='word_1_70' title='bbox 1426 1247 1459 1303; x_wconf 86' lang='lat' dir='ltr'><strong>St</strong></span> 
     </span>
     <span class='ocr_line' id='line_1_10' title="bbox 141 1316 1460 1407; baseline -0.006 -13"><span class='ocrx_word' id='word_1_71' title='bbox 141 1340 230 1397; x_wconf 82' lang='lat' dir='ltr'><strong>Corn:</strong></span> <span class='ocrx_word' id='word_1_72' title='bbox 241 1336 407 1407; x_wconf 80' lang='lat' dir='ltr'><strong>Exspectant</strong></span> <span class='ocrx_word' id='word_1_73' title='bbox 422 1333 518 1388; x_wconf 86' lang='lat' dir='ltr'><strong>lrdeles</strong></span> <span class='ocrx_word' id='word_1_74' title='bbox 533 1331 624 1388; x_wconf 91' lang='lat' dir='ltr'><strong>donec</strong></span> <span class='ocrx_word' id='word_1_75' title='bbox 638 1332 758 1387; x_wconf 83' lang='lat' dir='ltr'><strong>infirmus</strong></span> <span class='ocrx_word' id='word_1_76' title='bbox 770 1332 981 1389; x_wconf 84' lang='lat' dir='ltr'><strong>communicetur</strong></span> <span class='ocrx_word' id='word_1_77' title='bbox 993 1341 1021 1389; x_wconf 92' lang='lat' dir='ltr'><strong>et</strong></span> <span class='ocrx_word' id='word_1_78' title='bbox 1032 1322 1147 1388; x_wconf 88' lang='lat' dir='ltr'><strong>redeant</strong></span> <span class='ocrx_word' id='word_1_79' title='bbox 1160 1316 1300 1403; x_wconf 82' lang='lat' dir='ltr'><strong>usquead</strong></span> <span class='ocrx_word' id='word_1_80' title='bbox 1315 1331 1460 1388; x_wconf 83' lang='lat' dir='ltr'><strong>ecclesiam</strong></span> 
     </span>
     <span class='ocr_line' id='line_1_11' title="bbox 140 1410 1469 1503; baseline -0.005 -24"><span class='ocrx_word' id='word_1_81' title='bbox 140 1429 204 1503; x_wconf 88' lang='lat' dir='ltr'><strong>post</strong></span> <span class='ocrx_word' id='word_1_82' title='bbox 221 1419 414 1485; x_wconf 80' lang='lat' dir='ltr'><strong>Sacerdotem,</strong></span> <span class='ocrx_word' id='word_1_83' title='bbox 436 1433 544 1488; x_wconf 86' lang='lat' dir='ltr'><strong>semper</strong></span> <span class='ocrx_word' id='word_1_84' title='bbox 560 1416 725 1472; x_wconf 79' lang='lat' dir='ltr'><strong>deferentem</strong></span> <span class='ocrx_word' id='word_1_85' title='bbox 738 1433 837 1488; x_wconf 92' lang='lat' dir='ltr'><strong>corpus</strong></span> <span class='ocrx_word' id='word_1_86' title='bbox 851 1418 976 1488; x_wconf 81' lang='lat' dir='ltr'><strong>Domini,</strong></span> <span class='ocrx_word' id='word_1_87' title='bbox 996 1435 1029 1472; x_wconf 90' lang='lat' dir='ltr'><strong>ne</strong></span> <span class='ocrx_word' id='word_1_88' title='bbox 1032 1415 1191 1490; x_wconf 86' lang='lat' dir='ltr'><strong>&#39;‘populus</strong></span> <span class='ocrx_word' id='word_1_89' title='bbox 1184 1433 1210 1471; x_wconf 91' lang='lat' dir='ltr'><strong>m</strong></span> <span class='ocrx_word' id='word_1_90' title='bbox 1226 1415 1383 1472; x_wconf 78' lang='lat' dir='ltr'><strong>redeundo</strong></span> <span class='ocrx_word' id='word_1_91' title='bbox 1401 1410 1469 1472; x_wconf 84' lang='lat' dir='ltr'><strong>nihil&#39;</strong></span> 
     </span>
     <span class='ocr_line' id='line_1_12' title="bbox 137 1498 1457 1576; baseline -0.006 -14"><span class='ocrx_word' id='word_1_92' title='bbox 137 1498 248 1574; x_wconf 79' lang='lat' dir='ltr'><strong>adoret.</strong></span> <span class='ocrx_word' id='word_1_93' title='bbox 273 1503 305 1560; x_wconf 93' lang='lat' dir='ltr'><strong>ln</strong></span> <span class='ocrx_word' id='word_1_94' title='bbox 319 1502 432 1569; x_wconf 84' lang='lat' dir='ltr'><strong>lllanuali</strong></span> <span class='ocrx_word' id='word_1_95' title='bbox 447 1501 643 1557; x_wconf 85' lang='lat' dir='ltr'><strong>l’arochialium</strong></span> <span class='ocrx_word' id='word_1_96' title='bbox 659 1501 835 1557; x_wconf 79' lang='lat' dir='ltr'><strong>Sacerdotem</strong></span> <span class='ocrx_word' id='word_1_97' title='bbox 855 1503 1028 1573; x_wconf 78' lang='lat' dir='ltr'><strong>(lmpressum</strong></span> <span class='ocrx_word' id='word_1_98' title='bbox 1039 1504 1057 1559; x_wconf 88' lang='grc' dir='ltr'>Ι</span> <span class='ocrx_word' id='word_1_99' title='bbox 1059 1502 1173 1557; x_wconf 87' lang='lat' dir='ltr'><strong>andshut</strong></span> <span class='ocrx_word' id='word_1_100' title='bbox 1184 1516 1260 1556; x_wconf 90' lang='lat' dir='ltr'><strong>auno</strong></span> <span class='ocrx_word' id='word_1_101' title='bbox 1275 1500 1377 1576; x_wconf 82' lang='lat'><strong>1510),</strong></span> <span class='ocrx_word' id='word_1_102' title='bbox 1393 1500 1457 1573; x_wconf 80' lang='grc' dir='ltr'>ιιοιι</span> 
     </span>
     <span class='ocr_line' id='line_1_13' title="bbox 141 1584 1457 1659; baseline -0.005 -12"><span class='ocrx_word' id='word_1_103' title='bbox 141 1597 293 1659; x_wconf 75' lang='lat' dir='ltr'><strong>manufest,</strong></span> <span class='ocrx_word' id='word_1_104' title='bbox 309 1588 449 1643; x_wconf 88' lang='lat' dir='ltr'><strong>mandatur</strong></span> <span class='ocrx_word' id='word_1_105' title='bbox 465 1587 602 1658; x_wconf 90' lang='lat' dir='ltr'><strong>parochiis</strong></span> <span class='ocrx_word' id='word_1_106' title='bbox 621 1585 768 1641; x_wconf 90' lang='lat' dir='ltr'><strong>admonere</strong></span> <span class='ocrx_word' id='word_1_107' title='bbox 780 1587 979 1658; x_wconf 88' lang='lat' dir='ltr'><strong>parochianos,</strong></span> <span class='ocrx_word' id='word_1_108' title='bbox 1000 1594 1028 1642; x_wconf 90' lang='lat' dir='ltr'><strong>ut</strong></span> <span class='ocrx_word' id='word_1_109' title='bbox 1049 1587 1200 1657; x_wconf 85' lang='lat' dir='ltr'><strong>ubicunque</strong></span> <span class='ocrx_word' id='word_1_110' title='bbox 1217 1584 1344 1640; x_wconf 82' lang='lat' dir='ltr'><strong>deterri.</strong></span> <span class='ocrx_word' id='word_1_111' title='bbox 1355 1586 1457 1641; x_wconf 84' lang='lat' dir='ltr'><strong>videant</strong></span> 
     </span>
     <span class='ocr_line' id='line_1_14' title="bbox 142 1669 1456 1748; baseline -0.005 -16"><span class='ocrx_word' id='word_1_112' title='bbox 142 1692 243 1748; x_wconf 90' lang='lat' dir='ltr'><strong>corpus</strong></span> <span class='ocrx_word' id='word_1_113' title='bbox 259 1672 360 1730; x_wconf 83' lang='lat' dir='ltr'><strong>Christi</strong></span> <span class='ocrx_word' id='word_1_114' title='bbox 376 1673 466 1730; x_wconf 87' lang='lat' dir='ltr'><strong>statim</strong></span> <span class='ocrx_word' id='word_1_115' title='bbox 484 1670 562 1727; x_wconf 81' lang='lat' dir='ltr'><strong>hexis</strong></span> <span class='ocrx_word' id='word_1_116' title='bbox 577 1672 692 1741; x_wconf 77' lang='lat' dir='ltr'><strong>genibus</strong></span> <span class='ocrx_word' id='word_1_117' title='bbox 709 1680 735 1727; x_wconf 91' lang='lat' dir='ltr'><strong>et</strong></span> <span class='ocrx_word' id='word_1_118' title='bbox 751 1672 847 1728; x_wconf 89' lang='lat' dir='ltr'><strong>iunctis</strong></span> <span class='ocrx_word' id='word_1_119' title='bbox 867 1674 988 1729; x_wconf 88' lang='lat' dir='ltr'><strong>manibus</strong></span> <span class='ocrx_word' id='word_1_120' title='bbox 1007 1671 1125 1727; x_wconf 85' lang='lat' dir='ltr'><strong>debitam</strong></span> <span class='ocrx_word' id='word_1_121' title='bbox 1139 1678 1167 1726; x_wconf 88' lang='lat' dir='ltr'><strong>et</strong></span> <span class='ocrx_word' id='word_1_122' title='bbox 1183 1669 1341 1733; x_wconf 86' lang='lat' dir='ltr'><strong>devotam</strong></span> <span class='ocrx_word' id='word_1_123' title='bbox 1346 1671 1374 1725; x_wconf 90' lang='lat' dir='ltr'><strong>ei</strong></span> <span class='ocrx_word' id='word_1_124' title='bbox 1390 1669 1456 1726; x_wconf 79' lang='lat' dir='ltr'><strong>crhi-</strong></span> 
     </span>
     <span class='ocr_line' id='line_1_15' title="bbox 139 1744 1455 1828; baseline -0.005 -12"><span class='ocrx_word' id='word_1_125' title='bbox 139 1761 223 1816; x_wconf 92' lang='lat' dir='ltr'><strong>beant</strong></span> <span class='ocrx_word' id='word_1_126' title='bbox 237 1758 419 1814; x_wconf 89' lang='lat' dir='ltr'><strong>reverentiam</strong></span> <span class='ocrx_word' id='word_1_127' title='bbox 435 1756 593 1828; x_wconf 84' lang='lat' dir='ltr'><strong>suppliciter</strong></span> <span class='ocrx_word' id='word_1_128' title='bbox 608 1757 758 1817; x_wconf 85' lang='lat' dir='ltr'><strong>adorando.</strong></span> <span class='ocrx_word' id='word_1_129' title='bbox 780 1744 930 1813; x_wconf 81' lang='lat' dir='ltr'><strong>Sacerdos</strong></span> <span class='ocrx_word' id='word_1_130' title='bbox 951 1758 1040 1813; x_wconf 87' lang='lat' dir='ltr'><strong>delert</strong></span> <span class='ocrx_word' id='word_1_131' title='bbox 1056 1756 1091 1812; x_wconf 91' lang='lat' dir='ltr'><strong>ad</strong></span> <span class='ocrx_word' id='word_1_132' title='bbox 1109 1756 1247 1821; x_wconf 81' lang='lat' dir='ltr'><strong>lnlirmum</strong></span> <span class='ocrx_word' id='word_1_133' title='bbox 1263 1762 1370 1825; x_wconf 87' lang='lat' dir='ltr'><strong>caute,</strong></span> <span class='ocrx_word' id='word_1_134' title='bbox 1385 1770 1455 1811; x_wconf 76' lang='lat' dir='ltr'><strong>rere</strong></span> 
     </span>
     <span class='ocr_line' id='line_1_16' title="bbox 140 1837 1455 1921; baseline -0.006 -20"><span class='ocrx_word' id='word_1_135' title='bbox 140 1853 243 1914; x_wconf 90' lang='lat' dir='ltr'><strong>renter,</strong></span> <span class='ocrx_word' id='word_1_136' title='bbox 252 1851 355 1898; x_wconf 90' lang='lat' dir='ltr'><strong>mature</strong></span> <span class='ocrx_word' id='word_1_137' title='bbox 364 1842 508 1921; x_wconf 90' lang='lat' dir='ltr'><strong>etdevote,</strong></span> <span class='ocrx_word' id='word_1_138' title='bbox 517 1841 633 1897; x_wconf 90' lang='lat' dir='ltr'><strong>diceudo</strong></span> <span class='ocrx_word' id='word_1_139' title='bbox 647 1849 748 1913; x_wconf 89' lang='lat' dir='ltr'><strong>septem</strong></span> <span class='ocrx_word' id='word_1_140' title='bbox 762 1845 883 1914; x_wconf 86' lang='lat' dir='ltr'><strong>psalmos</strong></span> <span class='ocrx_word' id='word_1_141' title='bbox 895 1850 940 1898; x_wconf 92' lang='lat' dir='ltr'><strong>aut</strong></span> <span class='ocrx_word' id='word_1_142' title='bbox 952 1842 1084 1907; x_wconf 78' lang='lat' dir='ltr'><strong>canticum</strong></span> <span class='ocrx_word' id='word_1_143' title='bbox 1096 1840 1228 1910; x_wconf 86' lang='lat' dir='ltr'><strong>graduum</strong></span> <span class='ocrx_word' id='word_1_144' title='bbox 1243 1840 1293 1897; x_wconf 89' lang='lat' dir='ltr'><strong>vel</strong></span> <span class='ocrx_word' id='word_1_145' title='bbox 1307 1837 1455 1909; x_wconf 76' lang='lat' dir='ltr'><strong>huiusmodi</strong></span> 
     </span>
     <span class='ocr_line' id='line_1_17' title="bbox 141 1912 1453 2000; baseline -0.005 -15"><span class='ocrx_word' id='word_1_146' title='bbox 141 1936 168 1985; x_wconf 89' lang='lat' dir='ltr'><strong>et</strong></span> <span class='ocrx_word' id='word_1_147' title='bbox 179 1929 277 1984; x_wconf 90' lang='lat' dir='ltr'><strong>lumine</strong></span> <span class='ocrx_word' id='word_1_148' title='bbox 291 1934 327 1983; x_wconf 92' lang='lat' dir='ltr'><strong>et</strong></span> <span class='ocrx_word' id='word_1_149' title='bbox 332 1944 400 1997; x_wconf 87' lang='lat' dir='ltr'><strong>aqua</strong></span> <span class='ocrx_word' id='word_1_150' title='bbox 416 1925 559 1982; x_wconf 87' lang='lat' dir='ltr'><strong>benedicta</strong></span> <span class='ocrx_word' id='word_1_151' title='bbox 576 1933 603 1982; x_wconf 92' lang='lat' dir='ltr'><strong>et</strong></span> <span class='ocrx_word' id='word_1_152' title='bbox 615 1912 772 1998; x_wconf 81' lang='lat' dir='ltr'><strong>campanula</strong></span> <span class='ocrx_word' id='word_1_153' title='bbox 784 1913 1020 2000; x_wconf 72' lang='lat' dir='ltr'><strong>praecedentibus,</strong></span> <span class='ocrx_word' id='word_1_154' title='bbox 1035 1926 1081 1983; x_wconf 90' lang='lat' dir='ltr'><strong>ubl</strong></span> <span class='ocrx_word' id='word_1_155' title='bbox 1093 1934 1121 1982; x_wconf 92' lang='lat' dir='ltr'><strong>et</strong></span> <span class='ocrx_word' id='word_1_156' title='bbox 1132 1932 1262 1998; x_wconf 86' lang='lat' dir='ltr'><strong>quantum</strong></span> <span class='ocrx_word' id='word_1_157' title='bbox 1273 1931 1375 1997; x_wconf 89' lang='lat' dir='ltr'><strong>potest</strong></span> <span class='ocrx_word' id='word_1_158' title='bbox 1390 1940 1453 1979; x_wconf 89' lang='lat' dir='ltr'><strong>coar-</strong></span> 
     </span>
     <span class='ocr_line' id='line_1_18' title="bbox 141 2012 415 2069; baseline -0.004 -1"><span class='ocrx_word' id='word_1_159' title='bbox 141 2013 220 2069; x_wconf 92' lang='lat' dir='ltr'><strong>mode</strong></span> <span class='ocrx_word' id='word_1_160' title='bbox 236 2012 415 2069; x_wconf 79' lang='lat' dir='ltr'><strong>observari.</strong></span> 
     </span>
    </p>
   </div>
   <div class='ocr_carea' id='block_1_5' title="bbox 479 2314 1101 2449">
    <p class='ocr_par' dir='ltr' id='par_1_6' title="bbox 479 2314 1101 2449">
     <span class='ocr_line' id='line_1_19' title="bbox 479 2314 1101 2449; baseline -0.018 -40"><span class='ocrx_word' id='word_1_161' title='bbox 479 2325 541 2409; x_wconf 69' lang='lat' dir='ltr'><strong>‘IL</strong></span> <span class='ocrx_word' id='word_1_162' title='bbox 586 2314 650 2399; x_wconf 82' lang='lat' dir='ltr'><strong>EX</strong></span> <span class='ocrx_word' id='word_1_163' title='bbox 677 2327 865 2402; x_wconf 82' lang='lat' dir='ltr'><strong>RlTUALl</strong></span> <span class='ocrx_word' id='word_1_164' title='bbox 892 2323 1101 2449; x_wconf 70' lang='lat' dir='ltr'><strong>ROMAND.</strong></span> 
     </span>
    </p>
   </div>
   <div class='ocr_carea' id='block_1_6' title="bbox 137 2451 1456 3685">
    <p class='ocr_par' dir='ltr' id='par_1_7' title="bbox 137 2451 1454 3447">
     <span class='ocr_line' id='line_1_20' title="bbox 243 2451 1451 2563; baseline 0 -31"><span class='ocrx_word' id='word_1_165' title='bbox 243 2471 385 2539; x_wconf 77' lang='lat' dir='ltr'><strong>lh‘aticum</strong></span> <span class='ocrx_word' id='word_1_166' title='bbox 399 2474 587 2556; x_wconf 79' lang='lat' dir='ltr'><strong>sacratissimi</strong></span> <span class='ocrx_word' id='word_1_167' title='bbox 602 2451 738 2556; x_wconf 87' lang='lat' dir='ltr'><strong>corporis</strong></span> <span class='ocrx_word' id='word_1_168' title='bbox 752 2476 869 2536; x_wconf 89' lang='lat' dir='ltr'><strong>Domini</strong></span> <span class='ocrx_word' id='word_1_169' title='bbox 892 2464 985 2563; x_wconf 77' lang='lat' dir='ltr'><strong>nos‘tri</strong></span> <span class='ocrx_word' id='word_1_170' title='bbox 1005 2473 1071 2534; x_wconf 91' lang='lat' dir='ltr'><strong>lesu</strong></span> <span class='ocrx_word' id='word_1_171' title='bbox 1087 2470 1195 2532; x_wconf 82' lang='lat' dir='ltr'><strong>christi</strong></span> <span class='ocrx_word' id='word_1_172' title='bbox 1218 2490 1340 2536; x_wconf 87' lang='lat' dir='ltr'><strong>summo</strong></span> <span class='ocrx_word' id='word_1_173' title='bbox 1365 2472 1451 2535; x_wconf 85' lang='lat' dir='ltr'><strong>studio</strong></span> 
     </span>
     <span class='ocr_line' id='line_1_21' title="bbox 139 2573 1450 2658; baseline 0.001 -24"><span class='ocrx_word' id='word_1_174' title='bbox 139 2593 174 2634; x_wconf 93' lang='lat' dir='ltr'><strong>ac</strong></span> <span class='ocrx_word' id='word_1_175' title='bbox 187 2573 340 2653; x_wconf 81' lang='lat' dir='ltr'><strong>diligentia</strong></span> <span class='ocrx_word' id='word_1_176' title='bbox 354 2574 576 2653; x_wconf 75' lang='lat' dir='ltr'><strong>aegrotantibus</strong></span> <span class='ocrx_word' id='word_1_177' title='bbox 592 2588 760 2658; x_wconf 90' lang='lat' dir='ltr'><strong>opportuno</strong></span> <span class='ocrx_word' id='word_1_178' title='bbox 776 2588 911 2657; x_wconf 88' lang='lat' dir='ltr'><strong>tempore</strong></span> <span class='ocrx_word' id='word_1_179' title='bbox 924 2574 1141 2657; x_wconf 90' lang='lat' dir='ltr'><strong>procurandum</strong></span> <span class='ocrx_word' id='word_1_180' title='bbox 1156 2582 1213 2650; x_wconf 89' lang='lat' dir='ltr'><strong>est,</strong></span> <span class='ocrx_word' id='word_1_181' title='bbox 1237 2593 1279 2634; x_wconf 89' lang='lat' dir='ltr'><strong>ne</strong></span> <span class='ocrx_word' id='word_1_182' title='bbox 1292 2575 1379 2638; x_wconf 80' lang='lat' dir='ltr'><strong>forte</strong></span> <span class='ocrx_word' id='word_1_183' title='bbox 1392 2592 1450 2637; x_wconf 87' lang='lat' dir='ltr'><strong>cou-</strong></span> 
     </span>
     <span class='ocr_line' id='line_1_22' title="bbox 139 2666 1449 2765; baseline 0 -30"><span class='ocrx_word' id='word_1_184' title='bbox 139 2679 234 2753; x_wconf 87' lang='lat' dir='ltr'><strong>tiugat</strong></span> <span class='ocrx_word' id='word_1_185' title='bbox 247 2677 315 2738; x_wconf 92' lang='lat' dir='ltr'><strong>illos</strong></span> <span class='ocrx_word' id='word_1_186' title='bbox 327 2687 410 2753; x_wconf 81' lang='lat' dir='ltr'><strong>tanto</strong></span> <span class='ocrx_word' id='word_1_187' title='bbox 424 2678 503 2740; x_wconf 93' lang='lat' dir='ltr'><strong>bono</strong></span> <span class='ocrx_word' id='word_1_188' title='bbox 518 2681 639 2760; x_wconf 91' lang='lat' dir='ltr'><strong>parochi</strong></span> <span class='ocrx_word' id='word_1_189' title='bbox 655 2666 765 2741; x_wconf 73' lang='lat' dir='ltr'><strong>incuria</strong></span> <span class='ocrx_word' id='word_1_190' title='bbox 780 2681 912 2760; x_wconf 91' lang='lat' dir='ltr'><strong>privatos</strong></span> <span class='ocrx_word' id='word_1_191' title='bbox 927 2678 1083 2741; x_wconf 83' lang='lat' dir='ltr'><strong>decedere,</strong></span> <span class='ocrx_word' id='word_1_192' title='bbox 1114 2675 1286 2765; x_wconf 79' lang='lat' dir='ltr'><strong>Cavendpm</strong></span> <span class='ocrx_word' id='word_1_193' title='bbox 1301 2688 1401 2739; x_wconf 88' lang='lat' dir='ltr'><strong>autem</strong></span> <span class='ocrx_word' id='word_1_194' title='bbox 1414 2678 1449 2736; x_wconf 91' lang='lat' dir='ltr'><strong>iu·</strong></span> 
     </span>
     <span class='ocr_line' id='line_1_23' title="bbox 138 2778 1450 2864; baseline -0.002 -26"><span class='ocrx_word' id='word_1_195' title='bbox 138 2779 310 2864; x_wconf 42' lang='lat' dir='ltr'><strong>primis-est,</strong></span> <span class='ocrx_word' id='word_1_196' title='bbox 325 2797 363 2838; x_wconf 93' lang='lat' dir='ltr'><strong>ne</strong></span> <span class='ocrx_word' id='word_1_197' title='bbox 379 2779 413 2839; x_wconf 91' lang='lat' dir='ltr'><strong>ad</strong></span> <span class='ocrx_word' id='word_1_198' title='bbox 429 2781 568 2858; x_wconf 89' lang='lat' dir='ltr'><strong>indignos</strong></span> <span class='ocrx_word' id='word_1_199' title='bbox 584 2802 647 2842; x_wconf 90' lang='lat' dir='ltr'><strong>cum</strong></span> <span class='ocrx_word' id='word_1_200' title='bbox 662 2784 785 2843; x_wconf 91' lang='lat' dir='ltr'><strong>aliorum</strong></span> <span class='ocrx_word' id='word_1_201' title='bbox 800 2781 939 2843; x_wconf 87' lang='lat' dir='ltr'><strong>scandalo</strong></span> <span class='ocrx_word' id='word_1_202' title='bbox 955 2782 1120 2842; x_wconf 88' lang='lat' dir='ltr'><strong>deleratur:</strong></span> <span class='ocrx_word' id='word_1_203' title='bbox 1135 2778 1240 2859; x_wconf 88' lang='lat' dir='ltr'><strong>quales</strong></span> <span class='ocrx_word' id='word_1_204' title='bbox 1250 2789 1330 2841; x_wconf 83' lang='lat' dir='ltr'><strong>suut</strong></span> <span class='ocrx_word' id='word_1_205' title='bbox 1349 2778 1450 2862; x_wconf 85' lang='lat' dir='ltr'><strong>publici</strong></span> 
     </span>
     <span class='ocr_line' id='line_1_24' title="bbox 139 2872 1450 2960; baseline 0.001 -22"><span class='ocrx_word' id='word_1_206' title='bbox 139 2881 275 2956; x_wconf 89' lang='lat' dir='ltr'><strong>usurarii,</strong></span> <span class='ocrx_word' id='word_1_207' title='bbox 286 2882 504 2958; x_wconf 80' lang='lat' dir='ltr'><strong>concubinarii,</strong></span> <span class='ocrx_word' id='word_1_208' title='bbox 516 2872 643 2943; x_wconf 78' lang='lat' dir='ltr'><strong>notorie</strong></span> <span class='ocrx_word' id='word_1_209' title='bbox 659 2886 820 2960; x_wconf 89' lang='lat' dir='ltr'><strong>criminosi,</strong></span> <span class='ocrx_word' id='word_1_210' title='bbox 838 2886 1006 2944; x_wconf 89' lang='lat' dir='ltr'><strong>nominatim</strong></span> <span class='ocrx_word' id='word_1_211' title='bbox 1020 2883 1267 2943; x_wconf 79' lang='lat' dir='ltr'><strong>exeommunicati</strong></span> <span class='ocrx_word' id='word_1_212' title='bbox 1283 2892 1338 2943; x_wconf 78' lang='lat' dir='ltr'><strong>atat</strong></span> <span class='ocrx_word' id='word_1_213' title='bbox 1350 2883 1450 2944; x_wconf 88' lang='lat' dir='ltr'><strong>denun-</strong></span> 
     </span>
     <span class='ocr_line' id='line_1_25' title="bbox 139 2967 1450 3071; baseline 0.002 -31"><span class='ocrx_word' id='word_1_214' title='bbox 139 2982 212 3057; x_wconf 87' lang='lat' dir='ltr'><strong>tiati,</strong></span> <span class='ocrx_word' id='word_1_215' title='bbox 229 2981 285 3040; x_wconf 89' lang='lat' dir='ltr'><strong>nisi</strong></span> <span class='ocrx_word' id='word_1_216' title='bbox 299 3000 368 3042; x_wconf 89' lang='lat' dir='ltr'><strong>sese</strong></span> <span class='ocrx_word' id='word_1_217' title='bbox 384 2983 464 3061; x_wconf 79' lang='lat' dir='ltr'><strong>prius</strong></span> <span class='ocrx_word' id='word_1_218' title='bbox 478 2967 560 3043; x_wconf 84' lang='lat' dir='ltr'><strong>sacra</strong></span> <span class='ocrx_word' id='word_1_219' title='bbox 576 2982 773 3047; x_wconf 80' lang='lat' dir='ltr'><strong>Confessione</strong></span> <span class='ocrx_word' id='word_1_220' title='bbox 788 2989 981 3064; x_wconf 85' lang='lat' dir='ltr'><strong>purgaverint</strong></span> <span class='ocrx_word' id='word_1_221' title='bbox 996 2974 1026 3045; x_wconf 84' lang='lat' dir='ltr'><strong>et</strong></span> <span class='ocrx_word' id='word_1_222' title='bbox 1040 2985 1176 3071; x_wconf 84' lang='lat' dir='ltr'><strong>publicae</strong></span> <span class='ocrx_word' id='word_1_223' title='bbox 1190 2982 1358 3045; x_wconf 81' lang='lat' dir='ltr'><strong>offensioni</strong></span> <span class='ocrx_word' id='word_1_224' title='bbox 1372 2990 1450 3065; x_wconf 76' lang='lat' dir='ltr'><strong>propt</strong></span> 
     </span>
     <span class='ocr_line' id='line_1_26' title="bbox 140 3071 1452 3167; baseline 0.002 -26"><span class='ocrx_word' id='word_1_225' title='bbox 140 3082 176 3142; x_wconf 94' lang='lat' dir='ltr'><strong>de</strong></span> <span class='ocrx_word' id='word_1_226' title='bbox 191 3085 255 3142; x_wconf 91' lang='lat' dir='ltr'><strong>iure</strong></span> <span class='ocrx_word' id='word_1_227' title='bbox 270 3071 507 3160; x_wconf 79' lang='lat' dir='ltr'><strong>satisfecerintl)</strong></span> <span class='ocrx_word' id='word_1_228' title='bbox 550 3086 691 3146; x_wconf 88' lang='lat' dir='ltr'><strong>Hortetur</strong></span> <span class='ocrx_word' id='word_1_229' title='bbox 704 3088 850 3167; x_wconf 88' lang='lat' dir='ltr'><strong>parochus</strong></span> <span class='ocrx_word' id='word_1_230' title='bbox 865 3090 1067 3164; x_wconf 58' lang='lat' dir='ltr'><strong>intimaturus</strong></span> <span class='ocrx_word' id='word_1_231' title='bbox 1080 3104 1192 3147; x_wconf 88' lang='lat' dir='ltr'><strong>sacram</strong></span> <span class='ocrx_word' id='word_1_232' title='bbox 1202 3076 1452 3148; x_wconf 75' lang='grc' dir='ltr'><strong>Ιθοιιιιιιιιιιιιιιιιιιι</strong></span> 
     </span>
     <span class='ocr_line' id='line_1_27' title="bbox 139 3187 1452 3275; baseline 0.004 -32"><span class='ocrx_word' id='word_1_233' title='bbox 139 3194 252 3260; x_wconf 92' lang='lat' dir='ltr'><strong>sumat,</strong></span> <span class='ocrx_word' id='word_1_234' title='bbox 276 3187 389 3246; x_wconf 91' lang='lat' dir='ltr'><strong>etiamsi</strong></span> <span class='ocrx_word' id='word_1_235' title='bbox 412 3188 543 3261; x_wconf 87' lang='lat' dir='ltr'><strong>graviter</strong></span> <span class='ocrx_word' id='word_1_236' title='bbox 565 3206 624 3247; x_wconf 89' lang='lat' dir='ltr'><strong>non</strong></span> <span class='ocrx_word' id='word_1_237' title='bbox 645 3199 802 3275; x_wconf 72' lang='lat' dir='ltr'><strong>aegrotet,</strong></span> <span class='ocrx_word' id='word_1_238' title='bbox 826 3201 875 3251; x_wconf 92' lang='lat' dir='ltr'><strong>aut</strong></span> <span class='ocrx_word' id='word_1_239' title='bbox 893 3193 994 3252; x_wconf 90' lang='lat' dir='ltr'><strong>mortis</strong></span> <span class='ocrx_word' id='word_1_240' title='bbox 1016 3190 1179 3269; x_wconf 89' lang='lat' dir='ltr'><strong>periculum</strong></span> <span class='ocrx_word' id='word_1_241' title='bbox 1205 3205 1267 3248; x_wconf 91' lang='lat' dir='ltr'><strong>uon</strong></span> <span class='ocrx_word' id='word_1_242' title='bbox 1292 3191 1452 3275; x_wconf 81' lang='lat' dir='ltr'><strong>immineat,</strong></span> 
     </span>
     <span class='ocr_line' id='line_1_28' title="bbox 137 3288 1454 3373; baseline 0.004 -29"><span class='ocrx_word' id='word_1_243' title='bbox 137 3289 265 3345; x_wconf 82' lang='lat' dir='ltr'><strong>maxime</strong></span> <span class='ocrx_word' id='word_1_244' title='bbox 294 3288 317 3345; x_wconf 86' lang='lat' dir='ltr'><strong>si</strong></span> <span class='ocrx_word' id='word_1_245' title='bbox 337 3288 406 3347; x_wconf 84' lang='lat' dir='ltr'><strong>festi</strong></span> <span class='ocrx_word' id='word_1_246' title='bbox 431 3289 553 3351; x_wconf 88' lang='lat' dir='ltr'><strong>alicuius</strong></span> <span class='ocrx_word' id='word_1_247' title='bbox 572 3290 729 3366; x_wconf 76' lang='lat' dir='ltr'><strong>celebritas</strong></span> <span class='ocrx_word' id='word_1_248' title='bbox 747 3292 784 3361; x_wconf 82' lang='grc' dir='ltr'>,ιιι</span> <span class='ocrx_word' id='word_1_249' title='bbox 810 3293 950 3372; x_wconf 84' lang='lat' dir='ltr'><strong>suadeat,</strong></span> <span class='ocrx_word' id='word_1_250' title='bbox 971 3311 1068 3373; x_wconf 80' lang='lat' dir='ltr'><strong>neque</strong></span> <span class='ocrx_word' id='word_1_251' title='bbox 1090 3295 1155 3372; x_wconf 92' lang='lat' dir='ltr'><strong>ipse</strong></span> <span class='ocrx_word' id='word_1_252' title='bbox 1180 3288 1260 3349; x_wconf 88' lang='lat' dir='ltr'><strong>illam</strong></span> <span class='ocrx_word' id='word_1_253' title='bbox 1284 3293 1454 3352; x_wconf 76' lang='lat' dir='ltr'><strong>ministrare</strong></span> 
     </span>
     <span class='ocr_line' id='line_1_29' title="bbox 139 3386 297 3450; baseline 0.02 -6"><span class='ocrx_word' id='word_1_254' title='bbox 139 3386 297 3450; x_wconf 88' lang='lat' dir='ltr'><strong>recusabit</strong></span> 
     </span>
    </p>

    <p class='ocr_par' dir='ltr' id='par_1_8' title="bbox 139 3489 1456 3678">
     <span class='ocr_line' id='line_1_30' title="bbox 239 3489 1455 3589; baseline 0.001 -38"><span class='ocrx_word' id='word_1_255' title='bbox 239 3489 297 3551; x_wconf 89' lang='lat' dir='ltr'><strong>Pro</strong></span> <span class='ocrx_word' id='word_1_256' title='bbox 318 3490 432 3552; x_wconf 89' lang='lat' dir='ltr'><strong>Viatico</strong></span> <span class='ocrx_word' id='word_1_257' title='bbox 453 3502 548 3552; x_wconf 88' lang='lat' dir='ltr'><strong>autem</strong></span> <span class='ocrx_word' id='word_1_258' title='bbox 570 3496 763 3574; x_wconf 89' lang='lat' dir='ltr'><strong>ministrabit,</strong></span> <span class='ocrx_word' id='word_1_259' title='bbox 788 3494 851 3556; x_wconf 85' lang='lat' dir='ltr'><strong>cuni</strong></span> <span class='ocrx_word' id='word_1_260' title='bbox 873 3496 1028 3577; x_wconf 89' lang='lat' dir='ltr'><strong>probabile</strong></span> <span class='ocrx_word' id='word_1_261' title='bbox 1051 3505 1114 3572; x_wconf 91' lang='lat' dir='ltr'><strong>est,</strong></span> <span class='ocrx_word' id='word_1_262' title='bbox 1140 3492 1218 3573; x_wconf 91' lang='lat' dir='ltr'><strong>quod</strong></span> <span class='ocrx_word' id='word_1_263' title='bbox 1240 3510 1308 3589; x_wconf 81' lang='lat' dir='ltr'><strong>eam</strong></span> <span class='ocrx_word' id='word_1_264' title='bbox 1333 3492 1455 3574; x_wconf 89' lang='lat' dir='ltr'><strong>amplius</strong></span> 
     </span>
     <span class='ocr_line' id='line_1_31' title="bbox 139 3590 1456 3685; baseline 0.003 -36"><span class='ocrx_word' id='word_1_265' title='bbox 139 3608 255 3650; x_wconf 88' lang='lat' dir='ltr'><strong>sumere</strong></span> <span class='ocrx_word' id='word_1_266' title='bbox 270 3611 329 3653; x_wconf 89' lang='grc' dir='ltr'>ιιοιι</span> <span class='ocrx_word' id='word_1_267' title='bbox 340 3596 461 3673; x_wconf 82' lang='lat' dir='ltr'><strong>poterit</strong></span> <span class='ocrx_word' id='word_1_268' title='bbox 502 3596 588 3669; x_wconf 84' lang='lat' dir='ltr'><strong>Quod</strong></span> <span class='ocrx_word' id='word_1_269' title='bbox 610 3599 634 3657; x_wconf 93' lang='lat' dir='ltr'><strong>si</strong></span> <span class='ocrx_word' id='word_1_270' title='bbox 655 3616 766 3676; x_wconf 86' lang='lat' dir='ltr'><strong>aeger,</strong></span> <span class='ocrx_word' id='word_1_271' title='bbox 785 3608 907 3685; x_wconf 89' lang='lat' dir='ltr'><strong>sumpto</strong></span> <span class='ocrx_word' id='word_1_272' title='bbox 916 3601 1037 3676; x_wconf 92' lang='lat' dir='ltr'><strong>vratrco,</strong></span> <span class='ocrx_word' id='word_1_273' title='bbox 1058 3598 1121 3658; x_wconf 88' lang='lat' dir='ltr'><strong>dres</strong></span> <span class='ocrx_word' id='word_1_274' title='bbox 1131 3597 1248 3675; x_wconf 90' lang='lat' dir='ltr'><strong>aquuct</strong></span> <span class='ocrx_word' id='word_1_275' title='bbox 1262 3596 1394 3675; x_wconf 77' lang='lat' dir='ltr'><strong>suxerat</strong></span> <span class='ocrx_word' id='word_1_276' title='bbox 1394 3590 1456 3657; x_wconf 83' lang='lat' dir='ltr'><strong>&#39;rel</strong></span> 
     </span>
    </p>
   </div>
   <div class='ocr_carea' id='block_1_7' title="bbox 137 3690 1458 3860">
    <p class='ocr_par' dir='ltr' id='par_1_9' title="bbox 137 3690 1458 3860">
     <span class='ocr_line' id='line_1_32' title="bbox 138 3690 1458 3780; baseline 0.005 -29"><span class='ocrx_word' id='word_1_277' title='bbox 138 3693 302 3772; x_wconf 89' lang='lat' dir='ltr'><strong>periculam</strong></span> <span class='ocrx_word' id='word_1_278' title='bbox 315 3697 417 3756; x_wconf 89' lang='lat' dir='ltr'><strong>mortis</strong></span> <span class='ocrx_word' id='word_1_279' title='bbox 431 3700 560 3758; x_wconf 88' lang='lat' dir='ltr'><strong>evaserit</strong></span> <span class='ocrx_word' id='word_1_280' title='bbox 575 3708 604 3758; x_wconf 89' lang='lat' dir='ltr'><strong>et</strong></span> <span class='ocrx_word' id='word_1_281' title='bbox 618 3690 835 3765; x_wconf 83' lang='lat' dir='ltr'><strong>communicare</strong></span> <span class='ocrx_word' id='word_1_282' title='bbox 850 3702 979 3762; x_wconf 90' lang='lat' dir='ltr'><strong>voluerit</strong></span> <span class='ocrx_word' id='word_1_283' title='bbox 995 3703 1059 3761; x_wconf 89' lang='lat' dir='ltr'><strong>eius</strong></span> <span class='ocrx_word' id='word_1_284' title='bbox 1073 3701 1123 3780; x_wconf 95' lang='lat' dir='ltr'><strong>pio</strong></span> <span class='ocrx_word' id='word_1_285' title='bbox 1136 3696 1287 3758; x_wconf 89' lang='lat' dir='ltr'><strong>desiderio</strong></span> <span class='ocrx_word' id='word_1_286' title='bbox 1303 3697 1458 3760; x_wconf 84' lang='lat' dir='ltr'><strong>Parocbm</strong></span> 
     </span>
     <span class='ocr_line' id='line_1_33' title="bbox 137 3795 987 3860; baseline 0.001 -6"><span class='ocrx_word' id='word_1_287' title='bbox 137 3812 196 3854; x_wconf 89' lang='lat' dir='ltr'><strong>uon</strong></span> <span class='ocrx_word' id='word_1_288' title='bbox 213 3795 316 3860; x_wconf 90' lang='lat' dir='ltr'><strong>deerit.</strong></span> <span class='ocrx_word' id='word_1_289' title='bbox 983 3816 987 3823; x_wconf 83' lang='grc'><strong>’</strong></span> 
     </span>
    </p>
   </div>
   <div class='ocr_carea' id='block_1_8' title="bbox 37 3896 1460 4107">
    <p class='ocr_par' dir='ltr' id='par_1_10' title="bbox 37 3896 1460 4088">
     <span class='ocr_line' id='line_1_34' title="bbox 37 3896 1459 4003; baseline 0.004 -47"><span class='ocrx_word' id='word_1_290' title='bbox 37 3990 45 4003; x_wconf 21' lang='grc' dir='ltr'><strong><em>ἡ</em></strong></span> <span class='ocrx_word' id='word_1_291' title='bbox 241 3896 343 3958; x_wconf 84' lang='lat' dir='ltr'><strong>Potest</strong></span> <span class='ocrx_word' id='word_1_292' title='bbox 363 3900 480 3979; x_wconf 89' lang='lat' dir='ltr'><strong>quidem</strong></span> <span class='ocrx_word' id='word_1_293' title='bbox 493 3902 637 3993; x_wconf 77' lang='lat' dir='ltr'><strong>viaticum</strong></span> <span class='ocrx_word' id='word_1_294' title='bbox 657 3905 741 3964; x_wconf 90' lang='lat' dir='ltr'><strong>brevi</strong></span> <span class='ocrx_word' id='word_1_295' title='bbox 762 3906 911 3966; x_wconf 91' lang='lat' dir='ltr'><strong>morituris</strong></span> <span class='ocrx_word' id='word_1_296' title='bbox 927 3904 987 3965; x_wconf 92' lang='lat' dir='ltr'><strong>dari</strong></span> <span class='ocrx_word' id='word_1_297' title='bbox 1003 3903 1201 3971; x_wconf 84' lang='lat' dir='ltr'><strong>uon’ieiunis;</strong></span> <span class='ocrx_word' id='word_1_298' title='bbox 1218 3899 1248 3960; x_wconf 94' lang='lat' dir='ltr'><strong>id</strong></span> <span class='ocrx_word' id='word_1_299' title='bbox 1270 3909 1376 3962; x_wconf 86' lang='lat' dir='ltr'><strong>tamen</strong></span> <span class='ocrx_word' id='word_1_300' title='bbox 1397 3901 1459 3963; x_wconf 90' lang='lat' dir='ltr'><strong>dili·</strong></span> 
     </span>
     <span class='ocr_line' id='line_1_35' title="bbox 137 3998 1460 4107; baseline 0.006 -49"><span class='ocrx_word' id='word_1_301' title='bbox 137 3998 246 4077; x_wconf 89' lang='lat' dir='ltr'><strong>gente&#39;r</strong></span> <span class='ocrx_word' id='word_1_302' title='bbox 264 4001 432 4062; x_wconf 90' lang='lat' dir='ltr'><strong>curandum</strong></span> <span class='ocrx_word' id='word_1_303' title='bbox 436 4006 541 4080; x_wconf 54' lang='lat' dir='ltr'><strong>estine</strong></span> <span class='ocrx_word' id='word_1_304' title='bbox 555 4006 591 4066; x_wconf 89' lang='lat' dir='ltr'><strong>iis</strong></span> <span class='ocrx_word' id='word_1_305' title='bbox 610 4007 765 4086; x_wconf 83' lang='lat' dir='ltr'><strong>tribuatur,</strong></span> <span class='ocrx_word' id='word_1_306' title='bbox 789 4027 804 4068; x_wconf 90' lang='lat' dir='ltr'><strong>a</strong></span> <span class='ocrx_word' id='word_1_307' title='bbox 821 4006 925 4088; x_wconf 88' lang='lat' dir='ltr'><strong>quibas</strong></span> <span class='ocrx_word' id='word_1_308' title='bbox 940 4002 979 4067; x_wconf 79' lang='lat' dir='ltr'><strong>&#39;ob</strong></span> <span class='ocrx_word' id='word_1_309' title='bbox 995 4005 1156 4086; x_wconf 89' lang='lat' dir='ltr'><strong>phrenesin</strong></span> <span class='ocrx_word' id='word_1_310' title='bbox 1170 4004 1235 4063; x_wconf 83' lang='lat' dir='ltr'><strong>sive</strong></span> <span class='ocrx_word' id='word_1_311' title='bbox 1249 4001 1289 4063; x_wconf 91' lang='grc' dir='ltr'><strong>οιι</strong></span> <span class='ocrx_word' id='word_1_312' title='bbox 1297 4004 1460 4107; x_wconf 77' lang='lat' dir='ltr'><strong>assiduam</strong></span> 
     </span>
    </p>
   </div>
   <div class='ocr_carea' id='block_1_9' title="bbox 137 4118 332 4137">
    <p class='ocr_par' dir='ltr' id='par_1_11' title="bbox 137 4118 332 4137">
     <span class='ocr_line' id='line_1_36' title="bbox 137 4118 332 4137; baseline -0.005 -1"><span class='ocrx_word' id='word_1_313' title='bbox 137 4129 225 4137; x_wconf 67' lang='lat' dir='ltr'><strong>-nu---n</strong></span> <span class='ocrx_word' id='word_1_314' title='bbox 230 4118 285 4136; x_wconf 64' lang='grc' dir='ltr'>..ι-..ν</span> <span class='ocrx_word' id='word_1_315' title='bbox 291 4131 295 4134; x_wconf 86' lang='lat'><em>-</em></span> <span class='ocrx_word' id='word_1_316' title='bbox 310 4130 332 4136; x_wconf 75' lang='lat'><strong>..—</strong></span> 
     </span>
    </p>
   </div>
   <div class='ocr_carea' id='block_1_10' title="bbox 121 4206 1470 4729">
    <p class='ocr_par' dir='ltr' id='par_1_12' title="bbox 121 4206 1470 4712">
     <span class='ocr_line' id='line_1_37' title="bbox 220 4206 1470 4311; baseline 0.004 -45.069"><span class='ocrx_word' id='word_1_317' title='bbox 220 4206 540 4285; x_wconf 82' lang='lat' dir='ltr'><strong>l)Agendalllouastcr</strong></span> <span class='ocrx_word' id='word_1_318' title='bbox 556 4216 639 4271; x_wconf 66' lang='lat' dir='ltr'><strong>lili:</strong></span> <span class='ocrx_word' id='word_1_319' title='bbox 663 4215 742 4283; x_wconf 79' lang='lat' dir='ltr'><strong>Quod</strong></span> <span class='ocrx_word' id='word_1_320' title='bbox 764 4216 799 4272; x_wconf 89' lang='lat' dir='ltr'><strong>ad</strong></span> <span class='ocrx_word' id='word_1_321' title='bbox 818 4234 921 4290; x_wconf 88' lang='lat' dir='ltr'><strong>pucros</strong></span> <span class='ocrx_word' id='word_1_322' title='bbox 936 4215 965 4272; x_wconf 96' lang='lat' dir='ltr'><strong>id</strong></span> <span class='ocrx_word' id='word_1_323' title='bbox 980 4216 1150 4285; x_wconf 70' lang='lat' dir='ltr'><strong>observent,</strong></span> <span class='ocrx_word' id='word_1_324' title='bbox 1159 4219 1189 4269; x_wconf 91' lang='lat' dir='ltr'><strong>ut</strong></span> <span class='ocrx_word' id='word_1_325' title='bbox 1211 4211 1235 4269; x_wconf 91' lang='lat' dir='ltr'><strong>si</strong></span> <span class='ocrx_word' id='word_1_326' title='bbox 1256 4211 1319 4270; x_wconf 91' lang='grc' dir='ltr'>ιιοιι</span> <span class='ocrx_word' id='word_1_327' title='bbox 1342 4218 1470 4311; x_wconf 71' lang='lat' dir='ltr'><strong>capaces</strong></span> 
     </span>
     <span class='ocr_line' id='line_1_38' title="bbox 137 4266 1464 4383; baseline 0.008 -37"><span class='ocrx_word' id='word_1_328' title='bbox 137 4266 192 4346; x_wconf 84' lang='lat' dir='ltr'><strong>sint</strong></span> <span class='ocrx_word' id='word_1_329' title='bbox 203 4299 230 4347; x_wconf 85' lang='lat' dir='ltr'><strong>et</strong></span> <span class='ocrx_word' id='word_1_330' title='bbox 243 4310 349 4350; x_wconf 89' lang='lat' dir='ltr'><strong>sacrum</strong></span> <span class='ocrx_word' id='word_1_331' title='bbox 361 4295 433 4353; x_wconf 90' lang='lat' dir='ltr'><strong>hunc</strong></span> <span class='ocrx_word' id='word_1_332' title='bbox 449 4299 536 4354; x_wconf 92' lang='lat' dir='ltr'><strong>cibum</strong></span> <span class='ocrx_word' id='word_1_333' title='bbox 550 4317 698 4356; x_wconf 88' lang='lat' dir='ltr'><strong>secernere</strong></span> <span class='ocrx_word' id='word_1_334' title='bbox 713 4302 853 4372; x_wconf 53' lang='lat' dir='ltr'><strong>valeants</strong></span> <span class='ocrx_word' id='word_1_335' title='bbox 846 4318 874 4357; x_wconf 88' lang='grc' dir='ltr'><strong>ιιι</strong></span> <span class='ocrx_word' id='word_1_336' title='bbox 889 4301 986 4358; x_wconf 90' lang='lat' dir='ltr'><strong>mortis</strong></span> <span class='ocrx_word' id='word_1_337' title='bbox 999 4300 1122 4372; x_wconf 90' lang='lat' dir='ltr'><strong>periculo</strong></span> <span class='ocrx_word' id='word_1_338' title='bbox 1138 4297 1276 4354; x_wconf 82' lang='lat' dir='ltr'><strong>viaticum</strong></span> <span class='ocrx_word' id='word_1_339' title='bbox 1284 4299 1404 4356; x_wconf 85' lang='lat' dir='ltr'><strong>etiam&#39;</strong></span> <span class='ocrx_word' id='word_1_340' title='bbox 1395 4299 1464 4383; x_wconf 72' lang='lat' dir='ltr'><strong>apris</strong></span> 
     </span>
     <span class='ocr_line' id='line_1_39' title="bbox 121 4373 1464 4457; baseline 0.01 -30"><span class='ocrx_word' id='word_1_341' title='bbox 121 4418 124 4427; x_wconf 95' lang='lat'><em>.</em></span> <span class='ocrx_word' id='word_1_342' title='bbox 138 4373 356 4434; x_wconf 84' lang='lat' dir='ltr'><strong>administretur.</strong></span> <span class='ocrx_word' id='word_1_343' title='bbox 374 4399 428 4455; x_wconf 91' lang='lat' dir='ltr'><strong>quo</strong></span> <span class='ocrx_word' id='word_1_344' title='bbox 444 4384 575 4440; x_wconf 83' lang='lat' dir='ltr'><strong>maiorem</strong></span> <span class='ocrx_word' id='word_1_345' title='bbox 587 4382 704 4454; x_wconf 87' lang='lat' dir='ltr'><strong>gratiam</strong></span> <span class='ocrx_word' id='word_1_346' title='bbox 714 4385 847 4457; x_wconf 88' lang='lat' dir='ltr'><strong>recipiant</strong></span> <span class='ocrx_word' id='word_1_347' title='bbox 860 4395 887 4441; x_wconf 91' lang='lat' dir='ltr'><strong>et</strong></span> <span class='ocrx_word' id='word_1_348' title='bbox 898 4402 1016 4456; x_wconf 90' lang='lat' dir='ltr'><strong>agonem</strong></span> <span class='ocrx_word' id='word_1_349' title='bbox 1034 4401 1110 4441; x_wconf 90' lang='lat' dir='ltr'><strong>suum</strong></span> <span class='ocrx_word' id='word_1_350' title='bbox 1127 4383 1246 4439; x_wconf 85' lang='lat' dir='ltr'><strong>feliciter</strong></span> <span class='ocrx_word' id='word_1_351' title='bbox 1257 4390 1464 4445; x_wconf 74' lang='lat' dir='ltr'><strong>consumment</strong></span> 
     </span>
     <span class='ocr_line' id='line_1_40' title="bbox 141 4461 1465 4542; baseline 0.008 -26"><span class='ocrx_word' id='word_1_352' title='bbox 141 4488 177 4500; x_wconf 89' lang='lat'>—</span> <span class='ocrx_word' id='word_1_353' title='bbox 191 4489 232 4499; x_wconf 91' lang='lat'>—</span> <span class='ocrx_word' id='word_1_354' title='bbox 245 4461 392 4521; x_wconf 85' lang='lat' dir='ltr'><strong>llinistrari</strong></span> <span class='ocrx_word' id='word_1_355' title='bbox 412 4467 496 4523; x_wconf 85' lang='lat' dir='ltr'><strong>debet</strong></span> <span class='ocrx_word' id='word_1_356' title='bbox 504 4468 645 4524; x_wconf 83' lang='lat' dir='ltr'><strong>viaticum</strong></span> <span class='ocrx_word' id='word_1_357' title='bbox 662 4484 680 4524; x_wconf 90' lang='lat' dir='ltr'><strong>a</strong></span> <span class='ocrx_word' id='word_1_358' title='bbox 698 4469 812 4542; x_wconf 93' lang='lat' dir='ltr'><strong>proprio</strong></span> <span class='ocrx_word' id='word_1_359' title='bbox 829 4472 963 4542; x_wconf 84' lang='lat' dir='ltr'><strong>parocho,</strong></span> <span class='ocrx_word' id='word_1_360' title='bbox 980 4471 1025 4533; x_wconf 77' lang='lat' dir='ltr'><strong>vel</strong></span> <span class='ocrx_word' id='word_1_361' title='bbox 1043 4469 1098 4525; x_wconf 85' lang='lat' dir='ltr'><strong>alio</strong></span> <span class='ocrx_word' id='word_1_362' title='bbox 1112 4466 1265 4537; x_wconf 73' lang='lat' dir='ltr'><strong>Sacerdote</strong></span> <span class='ocrx_word' id='word_1_363' title='bbox 1283 4467 1365 4525; x_wconf 85' lang='lat' dir='ltr'><strong>de</strong></span> <span class='ocrx_word' id='word_1_364' title='bbox 1338 4487 1404 4529; x_wconf 88' lang='lat' dir='ltr'><strong>erus</strong></span> <span class='ocrx_word' id='word_1_365' title='bbox 1419 4475 1465 4527; x_wconf 79' lang='lat' dir='ltr'><strong>eut</strong></span> 
     </span>
     <span class='ocr_line' id='line_1_41' title="bbox 139 4538 1466 4624; baseline 0.013 -28"><span class='ocrx_word' id='word_1_366' title='bbox 139 4542 274 4602; x_wconf 88' lang='lat' dir='ltr'><strong>Drdiaarii</strong></span> <span class='ocrx_word' id='word_1_367' title='bbox 290 4546 408 4608; x_wconf 81' lang='lat' dir='ltr'><strong>licentia.</strong></span> <span class='ocrx_word' id='word_1_368' title='bbox 439 4551 508 4619; x_wconf 81' lang='lat' dir='ltr'><strong>Quia</strong></span> <span class='ocrx_word' id='word_1_369' title='bbox 519 4553 589 4608; x_wconf 87' lang='lat' dir='ltr'><strong>haec</strong></span> <span class='ocrx_word' id='word_1_370' title='bbox 602 4538 802 4611; x_wconf 80' lang='lat' dir='ltr'><strong>administratio</strong></span> <span class='ocrx_word' id='word_1_371' title='bbox 816 4561 859 4611; x_wconf 89' lang='lat' dir='ltr'><strong>est</strong></span> <span class='ocrx_word' id='word_1_372' title='bbox 870 4563 946 4612; x_wconf 90' lang='lat' dir='ltr'><strong>actus</strong></span> <span class='ocrx_word' id='word_1_373' title='bbox 957 4552 1183 4612; x_wconf 88' lang='lat' dir='ltr'><strong>iurisdictionalis</strong></span> <span class='ocrx_word' id='word_1_374' title='bbox 1190 4557 1356 4624; x_wconf 79' lang='lat' dir='ltr'><strong>,spectans</strong></span> <span class='ocrx_word' id='word_1_375' title='bbox 1367 4556 1433 4613; x_wconf 88' lang='lat' dir='ltr'><strong>ad</strong></span> <span class='ocrx_word' id='word_1_376' title='bbox 1424 4572 1466 4613; x_wconf 82' lang='grc' dir='ltr'><strong>ιιι</strong></span> 
     </span>
     <span class='ocr_line' id='line_1_42' title="bbox 138 4630 1185 4729; baseline 0.01 -45"><span class='ocrx_word' id='word_1_377' title='bbox 138 4631 292 4729; x_wconf 74' lang='lat' dir='ltr'><strong>pastorales</strong></span> <span class='ocrx_word' id='word_1_378' title='bbox 307 4633 381 4719; x_wconf 83' lang='lat' dir='ltr'><strong>quod</strong></span> <span class='ocrx_word' id='word_1_379' title='bbox 394 4636 476 4708; x_wconf 86' lang='lat' dir='ltr'><strong>proin</strong></span> <span class='ocrx_word' id='word_1_380' title='bbox 487 4653 567 4694; x_wconf 85' lang='lat' dir='ltr'><strong>neruo</strong></span> <span class='ocrx_word' id='word_1_381' title='bbox 582 4638 687 4701; x_wconf 86' lang='lat' dir='ltr'><strong>alius</strong></span> <span class='ocrx_word' id='word_1_382' title='bbox 665 4655 725 4696; x_wconf 89' lang='lat' dir='ltr'><strong>srnc</strong></span> <span class='ocrx_word' id='word_1_383' title='bbox 736 4639 928 4697; x_wconf 83' lang='lat' dir='ltr'><strong>commissione</strong></span> <span class='ocrx_word' id='word_1_384' title='bbox 939 4655 1071 4712; x_wconf 85' lang='lat' dir='ltr'><strong>usurpare</strong></span> <span class='ocrx_word' id='word_1_385' title='bbox 1082 4630 1185 4711; x_wconf 88' lang='lat' dir='ltr'><strong>pota&#39;st.</strong></span> 
     </span>
    </p>
   </div>
   <div class='ocr_carea' id='block_1_11' title="bbox 0 0 1610 5176">
    <p class='ocr_par' dir='ltr' id='par_1_13' title="bbox 0 0 1610 5176">
     <span class='ocr_line' id='line_1_43' title="bbox 0 0 1610 5176; baseline 0 0"><span class='ocrx_word' id='word_1_386' title='bbox 0 0 1610 5176; x_wconf 95' lang='lat' dir='ltr'><strong> </strong></span> 
     </span>
    </p>
   </div>
  </div>
 </body>
</html>
