3202 5176
697 367 770 437 347

66 571 187 644 agere,
215 557 252 622 ut
277 551 406 648 meritis
424 560 504 624 tuae
525 553 759 626 sanctissimae
782 550 958 625 Passionis
982 559 1018 621 et
1035 550 1285 636 intercessione
1304 548 1386 621 bea
1454 640 1459 649 1

63 664 122 725 tae
141 650 272 724 Mariae
293 675 430 749 semper
450 652 603 748 Virginis
626 663 660 725 et
683 654 831 725 omnium
852 652 1057 727 Sanctorum
1077 654 1112 722 in
1133 651 1254 723 eodem
1275 673 1385 744 regno
1483 730 1486 735 ,

64 775 131 828 uos
151 777 229 827 curn
249 755 404 830 omuibus
428 754 563 830 Sanctis
583 758 650 846 tuis
669 766 704 828 et
724 757 845 852 electis
866 779 1004 854 semper
1025 754 1132 826 iacias
1151 753 1382 845 congaudere.

64 855 135 941 Qut
153 859 246 932 vivis
269 867 333 929 etc.

166 968 284 1030 Deinde
302 969 451 1032 Sacerdos
472 988 580 1050 corpus
601 978 742 1052 aspergat
765 988 840 1052 aqua
858 969 1015 1031 benedicta
1031 977 1061 1030 et
1081 958 1231 1029 thurificet
1248 966 1385 1029 similiter

65 1079 96 1132 et
117 1069 272 1132 tumulum:
292 1056 399 1152 postea
417 1071 589 1152 sepeliatur.
632 1070 704 1135 Cum
723 1054 820 1133 autem
839 1071 1021 1151 asepultura
1039 1078 1229 1130 revertuntur
1242 1072 1272 1130 iu
1287 1070 1384 1132 eccle·

64 1173 140 1234 siam
154 1160 267 1234 dicatur
282 1172 468 1253 Antiphone:
491 1163 691 1237 Benedicite
709 1163 893 1236 Dominum
915 1183 1035 1238 omncs
1059 1163 1162 1236 electi
1181 1165 1269 1257 eius,
1285 1165 1384 1256 *agite

65 1265 140 1338 dies
166 1265 316 1337 laetitiae
342 1275 378 1336 el
403 1262 609 1340 confilemini
630 1268 689 1339 illi.
737 1276 854 1355 Deinde
877 1273 1028 1338 Canticum
1057 1275 1143 1336 trium
1167 1292 1327 1356 puerorum
1349 1274 1384 1336 el

46 1420 48 1425 ,
64 1376 234 1457 Antiphone
248 1377 402 1458 repetitur.
1371 1406 1374 1411 ss

107 1560 112 1565 ι
166 1479 283 1540 Deinde
301 1487 371 1540 ante
389 1480 482 1543 altare
501 1480 578 1542 dicat
595 1479 741 1542 Sacerdos
761 1469 929 1544 Dominus
951 1469 1140 1544 vobiscum.
1175 1474 1218 1561 lle.
1241 1467 1285 1542 Et
1305 1489 1384 1541 cum

64 1571 186 1667 spiritu
211 1581 281 1643 tuo.
560 1648 567 1656 ,
837 1635 841 1643 .
945 1614 948 1623 ·
1343 1579 1346 1583 ’

57 1734 62 1741 .
168 1670 323 1770 Oremus.
376 1672 473 1745 Deus
502 1676 560 1767 qui
588 1674 675 1745 miro
702 1672 906 1767 angelornm
934 1674 1121 1746 ministeria
1142 1671 1384 1763 hominumque

63 1774 265 1869 dispensas:
296 1774 451 1845 concede
477 1777 663 1871 propitius,
700 1784 738 1845 ut
769 1797 789 1844 a
823 1775 959 1870 quibus
972 1775 1032 1846 tibi
1057 1771 1323 1848 ministrantibus
1349 1770 1385 1840 in

63 1876 167 2022 coelp
199 1895 337 1972 semper
369 1878 555 1964 assistitur,
594 1878 636 1950 ab
670 1878 723 1951 his
754 1880 790 1949 iu
822 1888 914 1949 terra
947 1879 1018 1949 vita
1052 1886 1171 1950 nostra
1203 1875 1381 1945 muniatur.

64 1976 183 2074 Per.)

597 2161 850 2172 ...--.—-.-----—

158 2362 821 2439 numerusnumerous
850 2322 1254 2463 continuemus)

438 2502 499 2574 Ex
526 2501 781 2575 Pontificali
808 2500 1006 2571 Romano.

104 2718 107 2723 Ι
165 2643 223 2706 Die
246 2647 439 2725 praecedeuti
461 2657 609 2729 ponuntur
628 2649 659 2739 iu
679 2645 861 2729 coemeterio
884 2643 1089 2705 benedicendo
1113 2646 1242 2725 quinque
1263 2645 1381 2722 ligneae

63 2765 185 2826 cruces,
198 2748 340 2814 uidelicet
354 2769 410 2813 uua
424 2751 512 2812 altior
526 2753 555 2811 iu
571 2747 667 2807 medio
687 2755 717 2807 et
732 2755 856 2826 quatuor
869 2746 945 2837 aliae
961 2746 1111 2826 quaelibet
1124 2746 1161 2807 ad
1175 2755 1314 2808 staturam
1328 2747 1380 2836 bo·

127 2941 160 3022 1)
180 2946 254 3003 llaec
273 2946 396 3003 Collecta
417 2941 527 3001 recitari
543 2941 686 2999 consuevit
699 2942 727 2998 in
742 2941 936 3000 festivitatibus
950 2941 998 3000 SS.
1015 2941 1205 3015 Angelorum,
1224 2943 1250 2999 in
1268 2959 1381 3014 quorum

62 3028 156 3086 elucris
170 3032 299 3100 parvulos
314 3032 442 3105 receptos
457 3043 519 3083 esse
535 3026 612 3083 credi
621 3027 761 3105 praecipit
775 3027 904 3086 ecclesia.

123 3109 154 3187 2)
170 3113 253 3170 llulta
270 3127 306 3169 ex
320 3113 429 3170 illorum
443 3111 661 3168 testimoniorum
674 3110 805 3183 nume'ro,
824 3130 892 3184 quae
907 3113 1056 3168 afferuntur
1072 3126 1087 3166 a
1101 3110 1168 3168 viris
1184 3111 1273 3168 doctis
1287 3117 1316 3166 ut
1329 3111 1380 3166 de-
1450 3181 1461 3197 ο

61 3201 215 3253 monstrent
228 3214 264 3253 ex
280 3193 470 3266 antiquissimis
482 3194 599 3250 saeculis
613 3186 830 3252 benedictionem
846 3195 1006 3253 coemeterii
1019 3196 1155 3267 originem
1167 3196 1295 3265 traxisse,
1308 3194 1379 3250 baud

61 3280 162 3338 idonea
185 3281 288 3339 dixeris
309 3296 369 3335 cum
388 3285 513 3352 spectent
527 3281 572 3335 rel
587 3279 622 3334 ad
637 3281 721 3336 altare
737 3281 780 3336 vel
795 3282 927 3355 capellam
942 3281 1180 3354 sepulcralem'vel
1195 3281 1230 3337 ad
1245 3280 1380 3350 singulum

54 3360 198 3443 'quoddam
221 3365 383 3438 sepulcrum.
411 3363 446 3420 Et
468 3363 542 3436 quod
562 3363 691 3421 invictum
708 3373 817 3438 putatur
832 3372 1030 3437 argumentum,
1045 3366 1123 3420 locus
1137 3365 1266 3437 Gregorii
1278 3366 1378 3425 Turou.

63 3450 99 3506 de
114 3451 336 3521 gloriaCoaiess.
354 3466 379 3508 c.
389 3448 439 3502 106
452 3457 578 3505 versatur
592 3449 620 3504 iu
638 3452 845 3507 consecratione
860 3451 964 3521 altaris,
979 3458 1042 3506 ante
1058 3449 1131 3520 quod
1147 3448 1304 3522 sepelienda
1320 3457 1380 3507 erat

60 3536 142 3591 beata
157 3533 340 3605 Radegnndis.
368 3533 453 3589 Favet
469 3533 549 3590 uobis
562 3533 720 3590 Pontificale
735 3535 865 3606 Duraudi,
880 3535 954 3608 quod
967 3533 996 3589 in
1005 3533 1173 3590 bibliotheca
1182 3533 1315 3590 Vaticana
1331 3551 1380 3590 ex-

61 3624 116 3675 stat
131 3617 248 3678 untes.
276 3618 306 3674 ln
321 3619 373 3674 bac
388 3617 541 3673 membrana
557 3617 633 3674 Ordo
647 3619 828 3677 benedicendi
843 3618 1002 3676 coemeterii
1016 3617 1057 3675 sic
1069 3618 1178 3692 incipit:
1195 3618 1380 3690 „Quamquam

60 3702 186 3776 plerique
200 3709 333 3773 asserant,
350 3703 508 3759 coemeterii
522 3703 743 3759 benedictionem
753 3705 935 3762 necessariam
947 3703 1379 3776 nonesse,diceutesadbocsui-

60 3789 145 3844 dcere
161 3787 290 3845 circuitus
304 3795 383 3845 extra
397 3789 541 3845 ecclesiam
555 3795 584 3845 et
600 3790 759 3846 coemeterii
774 3790 972 3861 aspersionem,
988 3805 1057 3860 quae
1071 3788 1251 3863 liuutquaudo
1261 3789 1379 3846 ecclesia

60 3872 203 3954 dedicatur
218 3874 295 3930 ete.“
324 3872 530 3930 Subsisteudum
546 3873 654 3930 videtur
667 3875 695 3930 iu
716 3871 868 3932 l’outilicali
883 3873 988 3945 lleffei,
1010 3873 1083 3945 quod
1103 3875 1213 3931 exhibet
1227 3872 1379 3930 Benedi-

62 3957 1378 4033 ctioneml‘olyaudriseuGoemeterii.„Domiuesa'ncte,Pateromnipoteus,aeterue

61 4042 143 4113 Deus,
158 4043 281 4101 locorum
297 4036 412 4099 omnium
426 4044 611 4101 sanctificator
627 4051 654 4100 et
671 4045 836 4101 reformator
850 4045 878 4101 in
893 4045 998 4115 melius,
1014 4061 1030 4100 a
1045 4060 1099 4116 quo
1115 4052 1143 4101 et
1159 4061 1209 4117 per
1225 4059 1304 4115 quem
1319 4057 1378 4117 om·

61 4127 104 4183 nis
118 4128 274 4185 benedictio
290 4128 324 4184 de
340 4129 427 4206 coelis
442 4128 584 4185 descendit
597 4129 625 4185 in
640 4135 745 4186 terras:
766 4129 932 4186 benedicere
947 4129 1061 4200 dignare
1075 4131 1166 4186 lecum
1179 4130 1277 4194 istum,
1296 4131 1327 4181 ut
1343 4122 1379 4181 sit

61 4212 243 4282 l'elyaudrum
258 4212 522 4291 seucoemeterium,
537 4216 582 4270 vel
596 4213 684 4270 dulcis
700 4215 809 4288 requies
825 4222 851 4270 et
868 4215 993 4288 pausatio
1000 4214 1178 4280 dlortuorum,
1193 4226 1247 4282 quo
1262 4208 1378 4280 animae,

62 4312 173 4369 quarum
188 4312 309 4372 corpora
326 4299 370 4354 bic
384 4299 489 4371 sepulta
504 4300 549 4354 sel
564 4286 723 4373 sepelienda
734 4309 806 4370 sunt,
817 4299 990 4356 iucunditatis
999 4295 1297 4367 dulcediuepotiantur,
1308 4288 1377 4352 sint·

61 4397 115 4452 que
128 4380 236 4439 iuterim
249 4383 281 4439 iu'
292 4392 415 4456 superna
424 4383 593 4440 Hierusalem
607 4374 758 4455 gaudentes
774 4392 802 4440 et
815 4380 960 4457 laetantes,
975 4384 1063 4441 donec
1076 4385 1104 4438 in
1120 4379 1210 4450 magui
1225 4379 1317 4436 iudicii
1329 4379 1377 4435 dio

62 4464 98 4521 de
114 4467 268 4539 'sepulturis
287 4469 400 4542 propria
421 4484 540 4541 corpora
554 4469 704 4542 recipiant,
726 4479 753 4526 et
768 4471 808 4527 sic
822 4471 943 4528 venienti
958 4468 1072 4525 Domino
1087 4465 1122 4522 ad
1138 4464 1376 4522 iudicandum‘ob-

62 4552 135 4607 viam
151 4567 210 4608 eum
224 4554 313 4610 fructu
327 4552 416 4611 bonae
431 4554 600 4627 operationis
616 4559 791 4617 occurrant.“
818 4555 965 4613 llartenins
979 4569 1029 4608 sex
1043 4551 1184 4608 nobiscum
1199 4549 1377 4613 communicat

64 4637 210 4708 immulas,
225 4639 532 4714 quarum‘antiquissima
547 4646 652 4714 patrem
667 4641 793 4712 agnoscit
805 4636 955 4712 ngertum
968 4637 1181 4697 Ebomeeusem.
