3202 5176
763 290 837 361 174

141 481 319 553 aurium.
359 488 458 552 Primo
480 487 512 549 ot
530 486 640 548 eineris
659 459 878 549 benedictinor
899 484 1039 566 aspersio
1050 499 1081 566 p.
1097 479 1169 558 172
1205 484 1319 561 Quibus
1334 487 1464 568 expletis

116 588 120 603 '
140 593 237 671 tangit
263 591 426 668 Presbyter
442 589 628 667 singulorum
647 606 733 649 aures
759 597 790 650 et
815 605 902 649 nares
928 587 965 669 de
989 589 1162 668 sputo'oris
1185 589 1231 650 sui
1252 597 1283 651 et
1301 591 1464 671 unicuique

141 695 219 757 dieat
232 693 268 755 ad
282 711 382 754 aurem
399 693 547 754 dextram:
564 680 700 776 Epheta
715 690 795 772 quod
808 698 855 752 est
872 680 1067 774 adaperire,
1086 690 1123 781 ad
1142 708 1243 752 nares:
1264 684 1300 753 in
1318 682 1463 755 odorem

138 788 341 874 suavitatis,
370 793 478 856 deinde
502 793 539 855 ad
564 810 665 855 aurem
691 795 860 881 sinistram:
895 781 948 852 Tu
974 792 1089 867 antem
1115 782 1271 875 effugare
1300 783 1461 868 diaboler

139 888 423 982 appropinquabit
451 888 541 956 enim
567 882 729 956 iudicium
757 885 833 956 Dei.
889 893 971 953 l'mrc
991 893 1154 970 Presbyter
1176 896 1361 972 interrogat:
1388 885 1461 958 Ab·

138 991 312 1063 renuntias
333 988 481 1063 Satanae
509 998 543 1058 et
567 985 688 1059 Credis
708 991 743 1059 in
766 987 879 1058 Deum
897 995 961 1057 eto.
986 1005 1138 1076 utsupra.
1176 994 1352 1059 celebratur
1370 997 1458 1059 otissa

139 1108 170 1162 et
183 1098 422 1179 postGolleetam
437 1100 653 1161 litSerutinium
669 1117 723 1180 per
738 1100 835 1159 omnia
844 1086 922 1159 sicut
935 1097 1052 1160 duobos
1065 1098 1215 1178 prioribus
1231 1098 1335 1161 diebus
1349 1100 1458 1161 laetum

139 1202 538 1282 esraiteesionemusque.
574 1200 684 1265 Clamat
698 1203 862 1263 Diaconos:
890 1189 987 1265 State
1014 1213 1092 1265 oum
1116 1191 1294 1286 disciplina
1320 1201 1356 1263 el
1383 1215 1459 1263 cum

138 1294 285 1370 silentio-
303 1314 334 1365 et
352 1304 492 1380 leguntur
512 1304 586 1365 duae
606 1304 752 1365 lectiones
774 1313 805 1365 et
818 1301 979 1365 Graduale:
1000 1303 1094 1364 altera
1107 1302 1235 1365 lesaiae:
1258 1292 1356 1364 Haeo
1379 1294 1458 1365 dicit

115 1396 315 1469 Dominus.
351 1396 560 1470 .Andientes
591 1396 705 1467 audite
736 1418 792 1466 me
824 1401 910 1484 ete,
943 1404 1036 1466 altera
1063 1404 1145 1467 Pauli
1172 1404 1208 1489 ad
1243 1404 1456 1467 colossenses:

137 1497 384 1593 Exspoliantes
416 1520 482 1574 vos
514 1508 671 1570 veterem
699 1499 873 1569 hominem
906 1507 972 1568 ete.
1025 1506 1098 1568 Inde
1128 1506 1299 1587 procedunt
1332 1517 1456 1588 quatuor

137 1610 262 1675 Diaconi
276 1627 341 1671 eum
358 1611 441 1671 libris
455 1609 495 1670 tv
507 1609 754 1686 Evangeliorum,
776 1609 830 1671 sed
844 1617 999 1688 antequam
1012 1610 1120 1690 aliquis
1132 1610 1348 1686 earumlegat,
1369 1609 1455 1670 Pres-

136 1713 225 1789 byter
250 1711 410 1793 alloquitur
432 1706 681 1776 Caieobumenos':
713 1702 880 1796 Aperturi
905 1702 1026 1791 vobis),
1044 1694 1112 1774 'lilii
1134 1704 1314 1790 carissimi,
1340 1701 1473 1773 Evam-¹

137 1806 228 1898 galia
256 1805 290 1876 id
317 1814 370 1878 est
391 1814 489 1898 gesta
512 1804 626 1876 divina
653 1808 748 1900 prius
776 1804 932 1875 ordinem
961 1807 1136 1878 insinuare
1156 1803 1349 1893 debemus,
1375 1804 1453 1898 quid

137 1915 192 1983 est
216 1905 446 1998 Evangelium
473 1916 507 1978 et
527 1905 825 1980 undedeseendat
848 1916 884 1977 et
904 1909 1001 1982 euius
1024 1910 1059 1979 in
1085 1926 1128 1979 eo
1143 1899 1259 1979 'verba
1281 1916 1454 2001 ponantur

136 2017 172 2079 et
199 2003 305 2103 quare
334 2018 480 2103 quatuor
509 2020 611 2098 sunt,
639 2013 696 2104 qui
722 2008 810 2080 haee
835 2018 934 2101 gesta
963 2013 1176 2105 seripserunt
1200 2008 1261 2080 vel
1293 2011 1351 2102 qui
1376 2016 1454 2087 sual

98 2186 101 2191 ,
135 2111 201 2205 ipsi
225 2119 384 2204 quatuor,
408 2114 465 2204 qui
487 2110 603 2182 divino
629 2114 749 2206 spiritu
772 2110 992 2183 adnuntiante
1013 2110 1196 2208 propheta·
1209 2113 1333 2202 signati
1355 2119 1457 2183 sunta·

135 2233 179 2283 ne
206 2211 297 2284 forte
320 2216 395 2286 sine
416 2213 480 2283 hae
499 2213 627 2302 ordinis
650 2216 786 2287 ratione
805 2222 840 2284 et
860 2235 964 2288 eausa
983 2223 1159 2308 stuporem
1185 2211 1285 2287 vobis
1301 2213 1336 2283 in
1355 2233 1451 2282 men-

134 2313 224 2388 tibus
237 2314 480 2409 relinquamus.
511 2314 555 2385 Et
571 2319 649 2410 quia
665 2316 707 2387 ad
722 2316 789 2387 hoo
802 2318 928 2389 venitis
943 2325 988 2389 nt·
1002 2336 1105 2390 aures
1127 2316 1228 2388 vobis
1242 2316 1451 2409 aperiantur,

134 2436 200 2486 neo
214 2418 352 2512 incipiat
366 2439 488 2491 sensus
507 2427 626 2492 vester
641 2419 791 2490 obtundi.
818 2417 1048 2510 Evangelium
1064 2418 1185 2489 dieitur
1198 2419 1338 2512 proprie
1353 2416 1449 2487 Bona

134 2517 357 2608 adnuntiatio,
380 2541 468 2614 quae
486 2522 605 2615 ntique
624 2519 833 2592 adnuntiatio
854 2530 907 2595 est
926 2517 1152 2594 Inuenisti
1171 2519 1310 2590 Domini
1331 2520 1447 2592 nostri.

132 2619 449 2718 Descenditautem
458 2622 688 2716 Evangelium
703 2624 745 2695 ab
756 2645 813 2711 eo,
824 2622 916 2717 quod
930 2623 1105 2694 adnuntiet
1116 2631 1151 2694 et
1165 2620 1343 2696 ostendat:
1361 2619 1447 2715 quod

131 2724 174 2811 is,
189 2725 247 2815 qui
259 2746 323 2817 per
335 2725 522 2819 prophetas
535 2725 753 2820 loquebatur,
768 2727 914 2797 venitin
928 2747 1080 2814 earnem,
1095 2727 1182 2797 sieut
1201 2725 1365 2817 seriptum
1379 2731 1453 2796 asts·

133 2820 200 2906 Qui
222 2824 390 2918 loquebar
417 2849 500 2897 eece
527 2826 656 2900 adsum,
708 2827 934 2923 Explicantes
961 2837 1075 2899 autem
1108 2826 1263 2899 breviter
1293 2825 1376 2919 quid
1408 2826 1447 2898 sit

47 2982 51 2989 .
131 2923 360 3017 Evangelium
392 2929 452 2999 vel
490 2930 652 3022 quisunt
683 2929 716 3001 hi
744 2939 909 3025 quatmr,
944 2932 1003 3023 qni
1036 2951 1100 3024 per
1135 2927 1340 3024 prophetam
1372 2935 1448 2997 ante

98 3092 103 3103 ,
131 3030 309 3100 monstrati
339 3039 441 3101 sunt:
476 3051 567 3102 nuno
599 3054 661 3105 sna
694 3044 851 3126 quaeque
884 3035 1023 3104 nomina
1057 3031 1203 3122 singulis
1228 3030 1447 3122 adsignemus
1478 3074 1483 3084 ·

130 3130 273 3201 iudiciis.
334 3130 396 3202 Ait
429 3136 520 3202 enim
557 3133 727 3230 propheta
759 3132 975 3206 Heseehiel:
1023 3131 1068 3203 Et
1106 3132 1291 3206 similitudo
1331 3134 1447 3206 vultus

106 3234 111 3242 '
131 3253 266 3320 eorum,
285 3240 322 3302 ut
339 3231 447 3308 iacies
467 3233 621 3309 Hominis
640 3246 674 3308 et
696 3235 804 3311 iacies
824 3234 951 3308 neonis
973 3257 997 3315 a
1019 3235 1151 3309 dextris
1171 3235 1264 3309 illins
1285 3243 1320 3303 et
1342 3232 1446 3305 facies

130 3331 238 3407 Vituli
257 3341 292 3405 et
308 3332 417 3408 facies
438 3335 590 3432 Aquilae
611 3360 631 3407 a
652 3339 799 3413 sinistris
821 3337 923 3411 illius.
964 3337 1037 3411 llos
1061 3346 1209 3431 quatmr
1231 3335 1294 3409 has
1319 3334 1447 3428 figuras

129 3432 295 3510 babentes
320 3435 566 3531 Evangelistas
593 3461 673 3515 esse
689 3460 760 3511 non
786 3439 924 3517 dubium
952 3449 1014 3513 est
1055 3437 1128 3513 Sed
1151 3441 1289 3511 nomina
1314 3459 1445 3524 eornm,

38 3594 43 3604 .
129 3539 188 3632 qui
212 3537 405 3632 Evangelia
431 3545 642 3637 seripserunt
663 3541 752 3614 haee
771 3551 871 3617 sumt:
897 3540 1112 3630 Matthaeus,
1138 3539 1298 3628 Marcus,
1321 3539 1444 3627 lineas,

128 3636 285 3717 ioannes.
315 3650 359 3724 Et
376 3642 526 3719 adnuntiat
540 3671 668 3738 rpus-ex
687 3652 845 3719 niarasis:
874 3643 1075 3721 Stateeum
1101 3645 1246 3732 silentio
1268 3642 1446 3723 audientes

127 3742 256 3812 intente
284 3770 319 3812 ao
341 3752 417 3834 legit
443 3734 578 3817 Initium
602 3744 667 3819 Ev.
691 3769 761 3821 see.
784 3745 996 3821 Matthaeum
1021 3773 1131 3836 usque:
1153 3745 1233 3842 lpse
1260 3748 1352 3817 enim
1378 3743 1445 3818 sal·
1490 3737 1494 3748 '

125 3860 210 3945 uum
222 3842 326 3916 faciet
340 3848 506 3944 populum
519 3846 618 3922 suum
635 3871 657 3921 a
674 3853 828 3945 peccatis
848 3872 978 3922 eorum.
1008 3858 1167 3938 Postquam
1180 3858 1302 3936 legerit,
1318 3855 1444 3936 explieat

125 3952 309 4033 Presbyter,
335 3977 388 4021 eur
402 3959 510 4022 habeat
522 3958 688 4025 blattbaeus
706 3962 828 4039 figuram
848 3961 986 4031 bominis.
1019 3961 1128 4025 Postea
1144 3978 1268 4040 prorsus
1285 3959 1375 4021 simili
1389 3958 1445 4017 ritu

125 4054 268 4136 imitar
288 4047 429 4126 Marcus
454 4050 647 4142 1‚1-8;
675 4054 786 4130 Luoas
813 4053 849 4146 I,
878 4057 1038 4144 1-173
1070 4052 1218 4127 loannes
1241 4050 1278 4140 Ι,
1301 4051 1441 4123 1ι-14.

126 4157 244 4222 loannis
273 4162 396 4242 liguram
422 4162 587 4241 Presbyter
614 4162 745 4245 eisplieat
777 4168 823 4233 bis
853 4167 970 4229 verbis:
1005 4156 1030 4226 l.
1059 4155 1162 4229 habet
1192 4154 1444 4249 similitudinem

20 4316 23 4321 .
126 4253 275 4346 aquilae,
303 4277 345 4326 eo
374 4256 467 4350 quod
488 4259 587 4331 nimis
612 4260 680 4328 alta
699 4261 845 4353 petierit.
890 4259 952 4330 Ait
978 4261 1091 4329 enim:
1119 4255 1158 4326 ln
1181 4259 1350 4352 principio
1373 4261 1443 4325 erat

125 4353 271 4425 verbum
306 4367 369 4428 eto.
423 4358 467 4429 Et
499 4359 614 4432 David
642 4360 724 4430 dicit
758 4360 801 4431 de
829 4382 980 4469 persona
1014 4357 1164 4466 Christi:
1183 4438 1186 4445 ,
1204 4356 1441 4431 Renoyabitur

125 4457 213 4528 sieut
245 4459 381 4553 aquilae
408 4462 569 4563 iuventus
600 4471 659 4532 tua
692 4463 713 4532 i.
737 4484 765 4532 e.
798 4460 877 4538 Iesu
908 4460 1034 4563 Christi
1060 4460 1199 4535 Domini
1224 4463 1359 4550 nostri,
1389 4458 1443 4555 qui

124 4579 313 4650 resurgens
344 4584 364 4632 a
395 4567 538 4636 mortuis
566 4562 743 4638 adscendit
773 4567 814 4664 in·
837 4567 968 4643 coelos.
1011 4562 1122 4635 'Unde
1135 4567 1215 4635 'iam
1237 4560 1340 4641 vobis
1364 4583 1443 4635 eon·
