3202 5176
714 330 718 340 ,
735 260 759 329 9

75 457 299 540 provinciarum
328 454 512 517 cousuetudo
541 452 592 515 vel
619 469 759 514 crescens
785 453 980 515 festivitatum
1006 472 1042 516 ac
1061 454 1237 517 Sanctorum
1254 476 1403 521 numerus.

80 561 268 623 Dissentiunt
280 559 372 636 igitur
387 559 417 618 iu
435 557 547 618 Officiis
562 554 753 638 quibusdam,
769 554 1030 635 ,Praelatiouibum
1052 557 1210 637 collectis,
1233 561 1405 641 conspirant

56 664 113 723 rio
127 663 240 724 Ordine
255 658 421 722 etGanone
440 658 560 721 llissae.
599 657 654 718 ilic
678 657 889 721 mutationibus
912 667 943 719 et
963 659 1172 723 cavationibus
1189 662 1282 724 multo
1309 665 1405 725 minus

81 773 146 827 erat
165 763 322 825 obnoxius.
833 816 838 823 .

184 865 238 926 Hic
252 867 317 945 ipse
328 862 409 925 Ordo
425 871 454 923 et
464 860 681 924 Ganoullissae
696 861 898 940 Gregorianus
912 863 988 925 inira
998 863 1166 945 descriptus
1181 875 1228 927 est
1243 862 1405 947 excedite
1438 908 1443 915 ›

81 967 302 1029 Othoboniano.
337 965 411 1027 Nam
431 974 462 1026 ut
487 965 565 1026 hunc
583 964 728 1027 Vaticano
753 965 905 1027 habuerim
925 966 1096 1045 meliorem,
1123 969 1236 1029 monuit
1264 965 1406 1032 Venaaet'a'

80 1068 241 1131 auctoritas
255 1069 284 1129 in
300 1066 621 1130 Praelationead'lom.
642 1067 779 1149 VLOpp.
789 1067 954 1130 Thomasii:
980 1065 1070 1131 Hanc
1081 1068 1192 1133 tetram
1206 1067 1403 1146 (Otbabcos'a-

28 1172 34 1183 '
80 1158 166 1248 aaut)
181 1185 273 1250 paam
287 1186 380 1248 saepe
392 1170 423 1231 ia
440 1167 591 1230 Vaticana
607 1168 795 1247 bibliotheca,
811 1170 843 1230 in
857 1184 948 1249 qaam
960 1164 1065 1232 illalam
1076 1170 1163 1233 moda
1178 1179 1235 1255 est,
1252 1170 1402 1252 inspecie-

78 1291 154 1350 sem,
172 1271 321 1334 Vaticano
339 1272 424 1351 laape
432 1272 634 1351 antiquiorem
646 1272 840 1338 crediderim.
861 1271 1007 1335 maen
1019 1274 1110 1335 etiam
1122 1274 1170 1336 rei
1180 1274 1323 1336 indiciam
1335 1294 1405 1339 esse

76 1382 193 1455 parret,
214 1375 296 1454 parad
313 1375 585 1436 exercitatissimae
602 1375 635 1436 in
650 1374 734 1436 bisce
757 1375 878 1437 indiciis
892 1372 1088 1457 effosnnands‘s
1103 1376 1292 1456 dbosoass'as,
1312 1389 1405 1458 qaam

61 1478 113 1538 ‘ia
127 1477 305 1538 bibliatbeca
317 1478 441 1556 repertae
453 1476 592 1554 Saeciae,
612 1477 644 1538 in
663 1492 725 1557 qua
738 1495 798 1539 sac
818 1484 919 1561 aetate
939 1484 1066 1558 aterque
1085 1479 1300 1559 reponebatur,
1319 1487 1402 1543 atra·

77 1579 150 1641 libet
164 1597 225 1658 pra
237 1580 367 1641 arbitria
379 1580 427 1641 asti
433 1587 549 1658 posset,
564 1578 766 1643 Olbobaniaai
780 1599 841 1642 stoa
857 1578 999 1643 Vaticani
1010 1582 1166 1645 variantes
1179 1582 1322 1645 lectiam
1344 1583 1405 1645 eibi

77 1683 295 1747 sataeerataa
307 1681 473 1759 marpioem
486 1681 558 1742 editi
574 1699 595 1742 a
614 1681 746 1762 Pcmeb'o
765 1682 894 1760 eacmpl.
928 1681 1135 1764 Adstipulatur
1154 1685 1301 1746 Venuosio
1328 1682 1402 1746 Ger·

77 1783 195 1861 bertas,
209 1795 314 1865 utpote
327 1776 480 1861 αὐτόπτης
494 1783 526 1847 b.
544 1783 580 1848 Α.
595 1782 618 1845 Ι.
631 1800 662 1864 p;
676 1780 729 1846 87.
767 1783 878 1844 Verum
906 1792 937 1844 ut
962 1785 1028 1864 ipsc
1052 1786 1190 1846 iudicium
1212 1790 1404 1867 pronuntiare

80 1888 193 1968 possis,
221 1886 369 1947 benevole
404 1887 519 1963 lector,
546 1886 666 1969 adiecta
690 1895 736 1948 est
769 1885 895 1947 aliorum
924 1885 1058 1948 codicum
1086 1890 1253 1969 scriptura,
1269 1880 1404 1971 ¹quorum

80 1989 200 2051 nomina
220 1988 340 2050 afferam
366 2007 492 2050 necesse
512 1997 568 2051 est.

183 2091 206 2154 1.
229 2090 332 2153 Codex
346 2092 467 2182 Pamelii
475 2091 711 2172 antiquissimus,
725 2092 824 2170 magni
832 2089 961 2170 habitus,
976 2107 1040 2152 aum
1051 2091 1292 2171 a-plurimisuiris
1308 2088 1404 2155 erudi·

82 2196 194 2256 tistum
212 2194 412 2282 albamasio.
439 2192 550 2272 (Pam.)
657 2222 661 2231 ·
717 2274 720 2279 ι

182 2294 218 2357 Π.
247 2294 350 2357 Codex
363 2292 470 2374 Ampeli
481 2296 602 2357 Raucae
615 2281 785 2373 Vaticanus,
802 2294 882 2357 cedit
894 2293 1231 2371 Pameliauovetuptate.
1256 2278 1404 2361 Observat

81 2407 238 2480 praeterea
255 2397 412 2459 lleunrdus
426 2399 461 2458 ad
478 2398 589 2461 codicis
603 2399 805 2476 iutegritatem
819 2398 895 2459 haud
909 2416 1002 2478 pauca
1020 2397 1193 2460 desiderari.
1216 2386 1354 2478 (Rocc.)'
1372 2442 1376 2449 -

185 2499 235 2559 Ill.
259 2498 364 2561 Codex
377 2498 408 2561 S.
427 2497 517 2576 Eb‘ps‘i
529 2501 578 2561 vel
598 2501 770 2560 monasterii
787 2497 961 2560 corbiensis
975 2500 1029 2560 sub
1051 2501 1244 2562 invocatione
1264 2502 1296 2563 S.
1311 2503 1403 2580 Eligii

81 2602 263 2680 constructi,
278 2620 363 2681 quern
379 2601 533 2679 evulgavit
546 2599 713 2662 blenardas.
756 2600 866 2660 lterum
889 2618 1013 2662 recusus
1028 2604 1121 2689 estin
1136 2601 1267 2663 editione
1286 2603 1404 2664 Petrum

81 2704 115 2765 S.
126 2701 336 2783 llauri,minus
346 2713 472 2785 propter
485 2705 635 2784 propriam
650 2703 852 2781 antiquitatem
866 2711 896 2764 et
914 2701 1087 2780 dignitatem
1103 2736 1142 2745 -
1162 2721 1227 2783 narn
1235 2703 1404 2766 multucon·

83 2807 158 2867 tinet
183 2825 258 2887 quae
280 2806 457 2884 Gregorium
479 2815 630 2868 auctorem
650 2823 835 2886 nequaquam
860 2814 1028 2883 agnoscunt
1041 2800 1073 2879 *)
1096 2836 1142 2848 —
1165 2824 1250 2886 quam
1278 2817 1405 2889 propter

83 2908 311 2971 observationes
325 2909 469 2987 blenardi,
485 2909 559 2969 nulii
574 2909 624 2968 aiii
638 2907 828 2968 membranae
842 2907 997 2968 commode
1015 2906 1166 2993 aptandas.
1189 2906 1267 2986 (El.)
1322 2922 1330 2939 ·

60 3078 68 3089 ,
113 3020 116 3025 “
184 3013 233 3073 lv.
255 3013 377 3073 Praeter
398 3010 538 3073 Codioem
563 3012 594 3071 S.
616 3010 707 3089 litigii
738 3019 864 3090 quatuor
883 3010 1026 3072 blenardo
1049 3010 1086 3071 ad
1105 3028 1206 3072 manus
1229 3022 1313 3073 erant
1334 3013 1401 3075 libri

84 3114 262 3192 Gregoriani
276 3116 477 3195 manuscripti.
512 3114 626 3176 Primus
643 3131 682 3185 ex
695 3112 876 3173 bibliotheca
889 3114 1060 3174 monasterii
1076 3114 1107 3172 S.
1127 3111 1255 3191 Remigii
1274 3113 1403 3175 Remen-

82 3219 136 3295 sis,
150 3220 197 3278 cui
212 3220 241 3279 in
261 3217 521 3279 observationibus
537 3218 598 3278 suis
617 3234 725 3277 nomen
740 3215 853 3277 codicis
863 3214 1021 3277 mmmm
1034 3215 1184 3295 attribuit.¹
1197 3216 1283 3279 Putat
1296 3219 1404 3280 librum

82 3304 224 3401 scripturn
241 3339 310 3382 esse
325 3330 459 3401 ternpore
475 3318 573 3381 Caroli
587 3317 698 3396 Magni.
720 3311 837 3399 (Rem.)

185 3421 220 3482 V.
244 3423 397 3483 Secundus
412 3441 470 3502 qno
486 3441 555 3483 usus
571 3430 618 3483 est
632 3420 729 3483 codex
743 3419 1180 3501 diciturRodradipresbyteri,
1198 3422 1247 3500 qui
1260 3421 1403 3484 luitillius

84 3526 215 3604 scriptor
241 3523 401 3604 floruitque
423 3527 502 3586 circa
524 3543 630 3584 annum
655 3522 765 3585 DCCL.
805 3523 880 3584 Vide
907 3542 982 3604 quae
1004 3523 1161 3584 blenardus
1181 3523 1218 3591 de
1239 3523 1295 3586 hac
1314 3543 1402 3587 mem·

83 3626 176 3687 brana
191 3625 397 3704 disputavitin
411 3626 601 3687 Praelatione
616 3625 652 3685 ad
670 3627 943 3687 Sacramentarium.
976 3621 1083 3700 (blod.)
1182 3663 1186 3671 ·

186 3727 235 3788 Vl.
255 3726 339 3788 Alius
354 3726 486 3791 eiusdem
507 3727 677 3787 monasterii
696 3726 869 3789 Corbiensis
885 3706 969 3785 liber'
977 3728 1163 3808 conscriptus
1187 3737 1232 3789 cst
1251 3728 1332 3790 iussu
1346 3729 1403 3790 lla·

84 3830 171 3910 toldi‚
182 3829 299 3893 abbatis
314 3826 488 3892 Corbiensis
504 3829 640 3907 vigesimi
655 3830 744 3889 sexti.
779 3828 863 3889 Hunc
876 3828 1021 3907 codicem,
1034 3829 1158 3911 reliquis
1172 3841 1269 3893 aetate
1282 3833 1403 3893 inferio·

84 3951 157 4013 rem,
172 3934 340 4013 indigitavit
353 3931 511 3995 benardus
526 3933 646 3994 nomine
660 3928 793 3992 Rataldi.
819 3926 915 4011 (ilat.)

186 4035 249 4099 Vll.
278 4036 419 4110 Quartum
435 4035 568 4096 codicem
582 4034 718 4114 praebuit
727 4033 867 4096 blenardo
880 4032 1014 4096 laavtaee
1036 4030 1140 4110 Tilion,
1156 4036 1241 4098 initio
1259 4035 1420 4098 muudum«

114 4185 271 4195 ι--μ--η

166 4292 193 4366 *)
213 4288 363 4351 Gerbertus
380 4296 539 4352 observavit
550 4314 669 4367 magnam
681 4297 781 4351 codicis
797 4297 984 4368 San-Eligiani
997 4315 1054 4350 cum
1071 4292 1284 4350 Sacramentaria
1298 4295 1402 4361 Gelasi-

85 4398 134 4434 ano
145 4383 367 4450 convenientiam,
378 4384 417 4436 ita
427 4392 513 4436 tamen
530 4392 560 4435 nt
576 4385 729 4452 pierumque
745 4384 778 4436 ad
796 4384 904 4437 sormam
921 4383 1084 4452 Gregoriani
1099 4383 1136 4434 sit
1152 4381 1319 4434 reformatus.
1344 4384 1403 4451 lpse

85 4468 148 4519 aneis
158 4469 248 4533 oculis,
262 4469 358 4538 inquit,
373 4471 576 4525 uenerabundus
586 4470 692 4538 caeperat*
708 4469 829 4538 Parate,
846 4472 892 4525 ubs'
907 4472 983 4524 bodie
999 4473 1083 4523 cadem
1098 4468 1143 4519 itte
1158 4470 1231 4536 npad
1248 4470 1277 4521 S·
1292 4469 1402 4520 Germa·

87 4569 151 4603 nunt
162 4554 194 4606 dc
205 4554 295 4623 Pretio
312 4562 493 4609 conservatur.
515 4553 546 4607 L.
558 4549 592 4608 Α.
604 4555 626 4607 1.
638 4572 666 4625 p.
677 4553 778 4607 XXIV.
