3202 5176
572 1303 843 1395 CAPUT
885 1306 941 1395 V.

204 1558 246 1631 ;.’
335 1561 402 1633 De
434 1561 766 1634 Sacramenta
798 1559 1167 1635 Paenitentiae.

664 1785 859 1796 —e—--—--—

92 1989 128 2068 1.
147 1993 209 2066 ou
227 1992 517 2069 uxrmsuomu
532 1993 726 2070 ruamur
741 1993 1089 2068 roumuuummu
1105 1993 1169 2065 nu
1186 1991 1415 2073 nocuustn

93 2111 144 2209 m
171 2112 314 2185 uuum
342 2113 538 2200 ounuun
567 2113 776 2188 crunnum
807 2113 868 2184 ar
902 2112 965 2185 ou
988 2109 1414 2207 nucoucrummonu

134 2230 495 2325 roumuauumn,
519 2233 646 2319 oona
668 2232 745 2304 mr
765 2232 813 2305 m
834 2230 1012 2319 omuun
1028 2231 1173 2305 sumn
1196 2231 1384 2309 comune

644 2350 819 2422 nouum.
830 2347 861 2447 1)
1375 2398 1378 2403 ,

468 2534 533 2607 Ex
558 2535 816 2608 Pontificali
842 2536 1041 2609 Romano.

200 2747 411 2829 Poenitentos‚
440 2748 547 2830 quibus
568 2748 730 2810 secundum
750 2750 795 2809 ius
816 2749 865 2810 vel
886 2748 1130 2834 consuetudinem
1149 2765 1205 2829 pro
1226 2747 1414 2825 grauioribus

98 2851 269 2913 criminibus
284 2852 428 2914 sollemnis
443 2853 628 2931 poenitentia
643 2861 687 2912 est
701 2851 895 2931 imponentia,
915 2854 944 2911 in
960 2849 1063 2931 Capite
1076 2849 1325 2927 Quadragesimae
1342 2851 1416 2912 lrora

98 2956 179 3035 quasi
195 2957 280 3016 tertia
294 2956 474 3018 conveniunt
489 2954 526 3016 ad
539 2954 696 3016 ecclesiam
711 2952 931 3034 Gatlredralem,
945 2955 975 3014 in
990 2953 1097 3015 vilibus
1112 2954 1314 3034 vestimentis,
1329 2953 1414 3019 nutis

162 3181 193 3259 1)
208 3184 293 3243 Vetus
315 3183 434 3241 ecclesia
454 3185 530 3242 nouit
550 3187 721 3245 solummodo
742 3187 939 3261 poenitentiam
960 3203 1030 3260 quae
1049 3185 1148 3243 dicitur
1163 3183 1325 3258 publica:
1352 3199 1415 3240 suo·

98 3270 161 3325 culo
174 3277 271 3340 quarto
285 3277 312 3326 et
325 3269 419 3342 quinto
435 3276 531 3349 suorta
543 3275 571 3326 et
586 3280 649 3330 nata
664 3280 707 3330 est
717 3272 884 3345 poenitentia
896 3272 1047 3346 privata,
1063 3289 1078 3328 a
1089 3273 1179 3328 Leone
1190 3269 1289 3341 blaguo
1301 3274 1416 3341 proptor

97 3354 274 3424 grauissimas
285 3371 382 3411 causas
394 3355 589 3418 commendata,
607 3357 657 3430 lip.
667 3358 718 3411 135
728 3358 825 3428 „Illam
836 3359 917 3413 etiam
926 3365 1022 3413 contra
1031 3356 1211 3428 apostolicam
1217 3352 1416 3425 praesumptio·

97 3454 175 3509 nem,
192 3456 271 3510 quarn
285 3455 372 3511 nuper
387 3440 509 3508 cognovi
524 3457 539 3495 a
554 3441 711 3513 quibusdam
726 3436 820 3499 illicita
835 3443 1011 3514 usurpatione
1026 3439 1171 3508 committi,
1191 3437 1280 3493 modis
1292 3437 1417 3495 omnibus

98 3522 236 3578 constituo
254 3522 418 3580 submoveri.
444 3523 484 3578 Ne
501 3522 630 3580 uidelicet
649 3527 684 3580 de
699 3523 869 3602 singulorum
889 3532 1064 3599 peccatorum
1086 3539 1189 3594 genere
1207 3522 1302 3578 libello
1314 3522 1417 3594 scripta

95 3606 236 3681 professio
260 3606 428 3677 publicetur:
454 3623 514 3661 oum
529 3615 623 3664 reatus
638 3611 865 3667 conscientiarum
885 3610 1001 3666 sufficiat
1016 3608 1083 3664 solis
1098 3607 1289 3664 sacerdotibus
1302 3606 1418 3664 iudicari

97 3690 274 3748 confessione
286 3698 394 3747 secreta
403 3719 447 3731 —
459 3717 503 3732 -
532 3693 598 3759 Quia
611 3709 666 3748 non
678 3695 796 3750 omnium
806 3694 958 3751 huiusmodi
973 3701 1033 3749 sunt
1044 3700 1167 3764 peccata,
1176 3700 1208 3748 ut
1216 3692 1312 3763 ea‚qui
1319 3691 1418 3763 poeui-

96 3776 210 3833 teotium
223 3783 355 3847 poscunt,
371 3792 426 3831 nou
438 3775 548 3834 timeant
562 3778 720 3850 publicare:
734 3787 909 3837 removeatur
921 3787 974 3834 tam
988 3777 1176 3850 improbabilis
1188 3777 1367 3848 cousuetudo,
1382 3793 1417 3832 no

97 3859 174 3917 multi
190 3877 205 3915 a
222 3860 409 3933 poenitentiae
425 3861 553 3919 remediis
567 3869 728 3934 arceantur,
744 3863 806 3919 dum
818 3872 862 3920 aut
874 3865 1030 3934 rubescunt,
1043 3869 1087 3917 aut
1099 3867 1219 3917 metuunt
1232 3861 1347 3917 inimicis
1362 3860 1418 3917 suis

10 3964 18 3985 2
97 3947 169 4002 lucta
182 3945 427 4017 reserari,quibus
438 3946 546 4016 possint
557 3948 647 4018 legum
660 3948 854 4005 constitutione
866 3948 1012 4021 percelll.“
1034 3947 1132 4002 Tamen
1144 3963 1193 4018 per
1205 3953 1291 4002 totum
1302 3943 1418 3999 medium
1529 4026 1533 4031 Ι

98 4047 193 4086 aevum
204 4032 274 4087 banc
284 4031 417 4102 religiose
428 4032 551 4088 servavit
561 4033 678 4090 ecclesia
690 4035 791 4104 legem,
803 4042 833 4090 ut
842 4042 954 4106 peccata
966 4032 1105 4102 graviora,
1117 4046 1187 4102 quae
1200 4047 1254 4086 non
1266 4031 1326 4086 sina
1337 4044 1418 4084 scau·

98 4115 160 4170 dalo
176 4116 290 4171 allorum
304 4122 397 4172 essent
410 4108 699 4189 perpetrata‚pubttca
711 4118 879 4189 poenitentia
893 4117 1025 4191 expianda
1039 4116 1190 4173 videantur.
1208 4115 1297 4170 Eiecit
1309 4111 1419 4182 publice

97 4201 270 4271 poenitentes
290 4201 358 4256 leria
376 4201 414 4255 lV
434 4200 569 4272 Cinaram,
589 4203 780 4259 reconciliavit
799 4204 827 4259 in
843 4204 934 4259 Coena
954 4202 1076 4272 Domini,
1099 4202 1187 4256 rarius
1208 4199 1237 4253 in
1256 4199 1418 4257 Paruscsve.

97 4284 211 4341 Exstant
230 4285 314 4356 igitur
334 4286 467 4341 lormulae
483 4302 552 4358 quae
568 4286 684 4343 adhunc
699 4288 779 4344 ritum
799 4274 924 4360 spectant
938 4289 965 4343 in
984 4283 1206 4344 sacramentariis
1222 4280 1322 4337 Gelasii
1337 4289 1419 4352 atque

15 4414 18 4419 .
99 4368 228 4438 Gregorii
240 4366 270 4445 (a
285 4370 365 4427 nobis
377 4370 524 4427 secundum
535 4378 638 4428 textum
649 4372 790 4428 bluratorii
804 4374 874 4429 inira
891 4369 1038 4446 excitatae)
1054 4370 1227 4441 reperiuntur
1245 4366 1272 4420 in
1284 4366 1421 4422 membra-

98 4453 143 4510 nis
157 4452 239 4508 medii
251 4456 328 4526 aevi,
346 4471 400 4511 non
414 4455 531 4513 omissae
546 4458 649 4513 suntin
666 4458 817 4514 Pontificali
829 4459 950 4513 Romano
964 4456 1037 4528 quod
1049 4453 1132 4510 hodie
1145 4452 1173 4506 in
1190 4458 1309 4520 maest,
1326 4464 1418 4522 quum-

99 4554 178 4608 quam
199 4538 363 4596 caerimonia
379 4540 439 4613 ipsa
459 4542 505 4598 vix
526 4541 626 4598 alicubi
646 4550 780 4600 seruatur·
808 4544 937 4600 Rinterim
949 4544 1065 4597 Deukw.
1081 4539 1119 4607 V,
1136 4536 1163 4590 3.
1182 4537 1210 4592 S.
1221 4537 1286 4590 200:
1308 4535 1420 4605 „Selbst

99 4622 169 4677 nacb
191 4620 241 4677 der
260 4623 336 4696 zoin,
358 4642 406 4683 wo
426 4622 473 4684 die
494 4626 652 4684 blleutlicbe
664 4627 861 4700 llussdisciplin
877 4628 913 4686 im
928 4623 1120 4698 rlllgemeinen
1137 4620 1332 4695 eingegangen
1351 4634 1422 4694 mor,

1169 4708 1212 4772 20
