3202 5176
761 362 833 430 173

141 554 278 634 inprimis
295 544 456 629 Presbyter
465 538 651 632 nominatim,
666 555 743 615 sicut
757 557 867 636 scriptu
884 563 964 631 sunt,
984 554 1150 630 interroget
1162 553 1298 630 singulos
1313 551 1456 615 catechu-

141 674 262 721 menos:
282 644 321 715 N.
335 646 554 718 abrenuntias
569 645 726 722 Satanae.
753 653 796 739 lp.
817 647 1042 719 Abrenuntio.
1066 646 1110 716 Et
1124 647 1279 719 omnibus
1294 648 1456 741 operibus

141 747 245 820 eiust
292 753 334 839 Pp.
358 748 584 820 Ahrenuntio.
622 749 666 819 Et
688 750 844 822 omnihus
866 752 999 844 pompis
1023 748 1123 821 eius?
1165 754 1207 839 Pe.
1228 747 1455 819 Ahrenuntio.

140 858 258 921 Deinde
280 862 446 937 interrogat
469 863 506 920 de
527 860 671 936 Symbolo
692 860 811 937 dicens:
843 848 966 942 Credis
993 855 1028 921 in
1053 851 1165 922 Deum
1185 851 1322 921 Patrem
1351 853 1457 921 omni-

141 960 318 1047 potentem
349 963 541 1024 creatorem
569 953 660 1023 coeli
686 976 726 1024 ac
757 953 899 1025 terrae?
945 958 987 1044 Pp.
1025 952 1147 1023 Credo.
1205 950 1325 1024 Credis
1357 962 1391 1023 et
1422 956 1457 1021 in

125 1053 257 1143 ‚lesum
276 1052 445 1126 Christum
459 1054 563 1126 filium
579 1058 653 1128 eius
669 1056 840 1126 unicumi-
851 1061 893 1146 ltr.
910 1053 1034 1126 Credo.
1057 1052 1178 1126 Credis
1193 1064 1227 1124 et
1244 1058 1280 1123 in
1294 1052 1457 1148 Spiritum

142 1154 319 1244 Sanctum,
342 1167 493 1230 sanctam
520 1158 703 1230 ecclesiam
725 1157 940 1246 catholicam,
961 1159 1199 1230 remissionem
1221 1164 1456 1250 peccatorum,

143 1260 258 1330 carnis
279 1263 566 1330 resurrectionem
588 1269 622 1329 et
641 1262 746 1331 vitam
767 1259 966 1330 aeternam?
1005 1265 1047 1351 ip.
1071 1256 1193 1329 Credo.
1234 1267 1343 1326 Postea
1359 1267 1458 1326 exsui·

124 1361 194 1429 'net
211 1378 257 1428 ter
280 1351 309 1428 in
330 1370 435 1429 iaciom
450 1373 649 1450 cuiuscunque
666 1371 875 1432 catechumeni
891 1381 939 1431 ter
956 1370 1075 1431 dicens:
1103 1359 1171 1429 Exi
1193 1360 1364 1430 immunde
1392 1367 1457 1429 ete.

142 1457 255 1551 p.'171.
279 1471 315 1530 Et
329 1481 402 1543 tunc,
412 1473 500 1533 iaciat
514 1475 543 1532 in
559 1455 742 1548 singuloruni
757 1474 905 1534 frontibus
921 1491 1037 1533 crucem
1057 1490 1120 1532 cum
1134 1471 1246 1550 pollice
1260 1473 1300 1531 ita
1315 1471 1457 1531 diceudo:

142 1563 182 1633 ln
208 1567 344 1634 nomine
365 1564 475 1637 Patris
499 1575 532 1634 et
558 1565 698 1634 Filiit
664 1576 698 1635 et
721 1564 868 1660 Spiritus
890 1563 1015 1637 Sancti.
1052 1575 1209 1652 Postquam
1227 1592 1280 1634 eos
1294 1574 1459 1650 signaverit

141 1677 266 1755 imponit
281 1694 395 1735 manum
409 1693 500 1754 super
514 1677 609 1755 capita
623 1694 724 1736 eorum
739 1675 865 1739 orando:
882 1665 1124 1770 Omnipotens,
1132 1668 1338 1759 sempiterne
1350 1666 1458 1752 Deus,
1471 1678 1474 1683 “

119 1770 319 1861 'respicere
347 1767 490 1858 dignare
517 1789 621 1861 super
639 1767 730 1838 huno
756 1767 920 1838 famulum
944 1777 1052 1854 tuum,
1076 1787 1176 1860 quem
1204 1766 1246 1835 ad
1268 1767 1459 1838 rudimenta

140 1868 222 1939 lidei
238 1890 369 1938 vocare
391 1869 549 1964 dignatus
571 1890 618 1942 es.
658 1869 817 1940 Omnem
809 1872 1024 1939 caecitatem
1042 1868 1158 1940 c'ordis
1182 1866 1224 1938 ab
1249 1890 1291 1938 eo
1308 1867 1457 1963 expelle

140 1971 325 2065 Disrumpe
349 1993 467 2044 omnes
494 1971 638 2065 laqueos
659 1969 820 2091 Satanae,
842 1970 1097 2065 quihus-fuerat
1120 1969 1312 2060 colligatus.
1349 1968 1460 2089 Aperi

141 2076 176 2145 ei
203 2075 338 2143 ianuam
372 2077 507 2167 pietatis
540 2083 644 2164 tuae,
677 2083 714 2144 ut
752 2077 852 2166 signo
890 2075 1078 2167 sapientiae
1114 2071 1276 2161 indutus,
1310 2074 1460 2142 omnium

131 2175 362 2279 cupiditatum
380 2175 577 2248 factoribus
589 2187 706 2248 careat
708 2186 845 2271 ,atque
868 2176 910 2246 ad
929 2197 1072 2249 suavem
1094 2174 1239 2244 odorem
1255 2183 1459 2270 praecepto

139 2292 216 2346 rum
242 2286 400 2366 tuorum,
428 2279 539 2350 laetus
565 2279 660 2349 tibi
650 2301 686 2349 m
718 2280 867 2353 ecclesia
891 2289 948 2350 tua
977 2277 1209 2355 deserviat
1174 2287 1209 2347 c
1233 2276 1389 2371 proficiat
1416 2275 1460 2345 de

141 2378 233 2449 die
224 2401 259 2447 ιιι
281 2378 383 2467 diem,
411 2383 563 2470 signatus
584 2384 763 2475 promissis
792 2383 922 2472 gratiae
945 2389 1038 2467 tuae,
1060 2401 1124 2472 per
1145 2379 1327 2449 Dominum
1347 2378 1460 2451 Iesum

142 2477 331 2568 Christum,
357 2483 413 2573 qui
440 2490 606 2553 venturus
634 2493 686 2554 est
708 2482 863 2552 iudicare
891 2492 955 2551 etc.
1009 2491 1118 2549 Postea
1139 2490 1295 2550 benedicat
1315 2491 1406 2550 solen
1431 2497 1462 2548 et

139 2593 237 2651 mittat
260 2592 289 2649 in
319 2609 353 2652 os
385 2592 581 2670 singulorum
599 2592 671 2653 de'
661 2612 729 2672 rpso
748 2593 831 2668 sale,
860 2592 985 2670 singulis
1009 2591 1151 2650 dicendo:
1187 2582 1320 2675 Accipe
1353 2582 1461 2653 salem

140 2685 329 2777 sapientiae
355 2681 588 2781 propitiatus
579 2707 614 2754 m
640 2689 747 2756 vitam
766 2695 958 2763 aeternam
1013 2684 1087 2754 Pax
1113 2681 1182 2751 tihi
1215 2683 1278 2772 iti,
1312 2681 1461 2751 Etcum

141 2784 270 2880 Spiritu
305 2796 375 2857 tuo.
435 2797 473 2857 m
503 2807 568 2859 orat
595 2816 686 2878 super
708 2798 770 2858 e'os.
819 2797 891 2856 'lum
916 2796 1066 2856 Diaconos
1088 2793 1182 2854 dicat:
1219 2781 1461 2855 Cateehumeni

142 2889 317 2959 recedant.
347 2898 462 2979 Incipit
473 2899 562 2960 llissa
577 2918 632 2979 pro
648 2899 803 2960 Scrutiniis
825 2887 910 2960 Cum
930 2885 1159 2962 sanctificatus
1182 2885 1292 2957 fuere.
1327 2895 1462 2956 Recitata

142 2998 275 3061 Collecta
295 2999 402 3061 Missae
424 3012 603 3063 revocantur
625 3001 836 3064 catechumeni
860 3009 889 3061 et
906 3000 1000 3061 trihus
1025 2999 1139 3059 vicibus
1163 3017 1179 3058 a
1201 2998 1294 3058 tribus
1315 2997 1461 3074 acolythis
1519 3016 1549 3055 ·.

101 3123 108 3137 ·
140 3120 229 3162 cruce
242 3104 416 3180 signantur,
436 3120 537 3164 manus
552 3107 742 3183 impositione
762 3091 985 3178 heriedicuntur,
1006 3103 1222 3162 exorcizantur.
1261 3100 1378 3161 Deinde
1396 3101 1462 3193 ipse

138 3203 309 3279 Presbyter·
325 3222 378 3265 eos
400 3207 515 3283 signat,
533 3225 654 3274 ,manum
681 3224 773 3285 super
792 3224 893 3266 eorum
914 3206 1009 3285 capita
1032 3204 1157 3283 imponit
1178 3203 1290 3264 orando
1312 3221 1347 3264 ac
1368 3202 1462 3275 hene-
1486 3284 1490 3291 ,

140 3304 277 3366 diceudo.
318 3305 527 3368 llis‘omnibus
556 3308 645 3368 linitis
667 3307 779 3385 legitur
800 3310 830 3368 in
854 3306 943 3367 llissa
964 3307 1066 3367 Lectio
1087 3304 1255 3366 Ezechielis
1278 3305 1461 3388 prophetae:

137 3395 319 3468 Effundam
348 3421 455 3494 super
475 3404 545 3474 vos‘
563 3423 685 3495 aquam
705 3401 951 3472 mundam-etc.
983 3417 1012 3468 et
1041 3408 1194 3468 Grabuale.
1247 3407 1332 3468 Nunc
1357 3408 1462 3467 iterant

138 3509 276 3570 iubetur:
301 3498 544 3572 catechumeni
564 3504 757 3574 recedant
749 3522 780 3574 et
793 3510 988 3590 egrediuntur
1001 3526 1095 3589 usque
1108 3509 1175 3570 dum
1190 3510 1336 3589 completa
1353 3508 1463 3568 tuerint

138 3610 297 3672 llissarum
320 3610 485 3670 sollemnia
507 3611 541 3671 ln
556 3621 641 3691 parte
661 3612 805 3689 Canonis,
826 3631 901 3709 quae
922 3612 1043 3690 incipit:
1068 3600 1165 3671 Hanc
1188 3604 1292 3694 igitur
1314 3611 1462 3672 Sacerdos
1552 3644 1558 3655 ·

139 3712 261 3774 nomina
277 3711 562 3774 Gateohumenorum
578 3716 683 3775 recitat
697 3720 788 3795 atque·
796 3732 852 3795 pro
867 3715 940 3792 ipsis
955 3730 1061 3792 preces
1078 3688 1222 3801 lunditl).
1241 3712 1331 3819 liost
1345 3712 1463 3775 llissam

140 3814 335 3876 redeuntibus
351 3817 504 3877 annuntiat
515 3827 630 3899 tempus
644 3816 765 3878 secundi
780 3817 932 3876 Scrutinii.
979 3890 984 3898 ·

246 3905 490 3980 Sedundtim
518 3920 686 3981 celebratur
700 3919 831 3981 Sabbato
846 3925 917 3997 post
936 3919 1052 3978 tertiam
1069 3916 1251 3979 Dominicam
1267 3910 1466 3997 Quadragesi·

140 4036 217 4082 moe.
246 4017 389 4100 Exceptis
404 4019 515 4082 timaee
530 4024 713 4084 orationibus
728 4024 825 4083 omnia
840 4020 913 4080 liunt
926 4028 958 4080 ut
972 4037 1059 4098 supra
1077 4022 1217 4100 scriptum
1236 4032 1283 4083 est
1307 4024 1337 4081 in
1358 4020 1465 4100 primo

159 4134 170 4153 ·
247 4110 641 4186 TertiumSorutmlum
658 4125 802 4203 agebatur
821 4124 897 4184 iens
917 4132 1019 4202 quarta
1040 4132 1112 4202 post
1125 4120 1306 4184 Dommrcam
1322 4122 1370 4180 lv
1387 4120 1464 4192 Quu-
1488 4186 1494 4203 Ι

142 4222 356 4303 dragesimae,·
368 4226 449 4306 quod
472 4228 550 4288 inter
573 4239 688 4308 septem
710 4229 866 4288 maximum
878 4234 934 4287 est
956 4235 986 4286 et
1013 4235 1137 4287 vocatur
1162 4215 1209 4286 In
1239 4209 1465 4335 apertione

167 4483 174 4489 ·
227 4465 256 4543 l)
278 4466 354 4526 Sacc.
365 4466 440 4528 Get:
461 4471 537 4527 llauc
548 4471 633 4542 igitur
643 4473 811 4531 oblationem
820 4474 934 4530 Domine
945 4482 975 4530 ut
986 4474 1121 4548 propitius
1139 4469 1271 4542 suscipias
1283 4469 1460 4543 deprecamur

137 4568 220 4624 quam
232 4553 281 4607 tibi
301 4554 442 4611 offerimus
461 4571 512 4629 pro
532 4557 639 4614 famulis
650 4566 683 4614 'et
699 4560 849 4615 famulabus
861 4560 924 4630 tuis,
939 4576 1008 4632 quos
1024 4559 1058 4615 ad
1070 4565 1208 4614 aeternam
1219 4555 1300 4612 vitam
1311 4562 1340 4612 et
1357 4555 1465 4610 beatam

140 4636 252 4708 gratiae
264 4645 327 4694 tuac
343 4639 526 4714 dinumerare,
538 4644 647 4716 eligere
658 4651 687 4704 st
698 4660 802 4703 uocare
812 4644 939 4716 dignatus
950 4661 989 4701 es.
