3202 5176
699 336 774 406 245

77 518 215 593 docebo
243 541 307 615 per
339 519 508 611 legitimas
536 515 757 613 probationes
784 517 827 588 ad
854 516 1002 591 Sanctae
1024 519 1201 590 Romanae
1223 518 1393 593 ecclesiae

81 620 300 694 cardinalem
323 620 581 715 Proponentem
598 621 634 689 in
654 618 933 713 Congregatione
954 618 1053 694 Sacri
1075 619 1238 712 Concilii,
1258 644 1321 717 per
1337 644 1393 696 su-

79 724 269 820 pradictum
294 721 455 793 Nuntium
477 721 760 794 transmittendas.
792 761 836 777 -
861 723 1105 795 Possessiones
1127 740 1214 794 vero
1236 723 1278 793 ad
1299 745 1393 794 men-

81 847 156 898 sam
182 847 293 896 meam
316 826 526 920 pertinentes
552 845 621 894 non
649 823 810 914 vendam,
836 845 902 895 nec
924 823 1072 912 donabo,
1095 846 1208 918 neque
1226 827 1393 919 impigno-

80 926 188 1014 rabo;
211 948 277 996 nec
295 926 338 996 dc
354 946 447 999 nouo
468 923 651 995 infeudabo
674 924 733 995 vel
751 925 866 1019 aliquo
885 926 987 996 modo
1007 925 1177 1014 alienabo,
1196 929 1297 997 etiam
1316 947 1393 996 cum
1443 921 1449 934 ’

80 1046 256 1101 consensu
279 1025 444 1122 Capituli,
475 1025 646 1098 ecclcsiae
672 1047 789 1115 meae,
824 1027 1021 1100 inconsulto
1043 1026 1200 1097 Romano
1222 1027 1390 1122 pontifice.

80 1126 127 1199 th
148 1132 179 1217 si
200 1129 245 1199 ad
265 1128 416 1223 aliquam
433 1127 673 1197 alienationem
698 1126 889 1216 devenero,
915 1149 1046 1224 poenas
1072 1132 1107 1198 in
1124 1128 1270 1223 quadarn
1288 1151 1393 1223 super

82 1228 153 1300 boc
173 1230 263 1300 edita
289 1231 529 1300 constitutione
553 1236 731 1314 contentas
753 1250 798 1300 ao
823 1233 899 1324 ipso
925 1232 1103 1300 incurrere
1129 1226 1263 1324 v0101).

180 1339 213 1400 C.
230 1342 258 1399 in
274 1342 389 1416 gremio
405 1357 459 1399 suo
476 1339 582 1400 librum
590 1338 820 1419 Evangeliorum
837 1340 975 1401 ambabus
989 1340 1122 1401 manibus
1133 1349 1265 1420 apertum
1276 1349 1394 1418 tenens,

82 1442 225 1502 inferiore
239 1451 325 1520 parte
340 1441 409 1500 libri
424 1439 629 1502 Electo‘versa
643 1440 679 1505 ab
695 1459 732 1502 eo
748 1444 978 1522 praestationem
993 1441 1159 1503 huiusmodi
1175 1441 1328 1502 iuramenti
1347 1460 1393 1501 re·

82 1545 173 1622 cipit,
191 1542 295 1603 illecto
309 1542 403 1602 adhuc
418 1559 516 1600 coram
533 1559 570 1602 eo
583 1543 745 1618 genuflexo
759 1543 890 1604 dicante:
913 1532 975 1606 Sic
993 1555 1054 1603 me
1070 1533 1167 1606 Deus
1194 1534 1334 1605 adiuvet
1360 1543 1396 1603 et

81 1635 307 1707 huocsancta
330 1634 395 1703 Dei
421 1631 623 1724 Evangelia.
676 1642 715 1703 m
740 1645 836 1721 ipsum
862 1652 975 1703 textum
1000 1643 1232 1721 Evangeliorum
1252 1643 1394 1705 ambabus

21 1731 27 1738 ’
77 1745 216 1806 >manibus
228 1754 383 1821 tangente,
404 1753 473 1820 tum,
490 1761 550 1804 non
564 1744 646 1823 prius
664 1743 737 1805 dicit
755 1741 788 1805 G.
811 1734 887 1806 Det)
911 1737 1038 1827 gratias
1048 1730 1094 1830 ²).

147 1969 178 2048 1>
192 1973 374 2029 Vehementer
383 1971 476 2028 iuhoc
490 1968 815 2029 imamentum'invehitur
826 1971 986 2047 Clausen,
1002 1971 1190 2031 llirc'benvari.
1203 1989 1230 2032 ιι.
1245 1972 1331 2028 lehre
1345 1970 1396 2027 des

81 2058 192 2114 Kamul.
210 2075 237 2113 ιι.
249 2075 271 2113 s.
284 2074 320 2113 ιι.
332 2059 348 2112 «Ι
358 2098 366 2127 ,
377 2075 407 2129 p.
426 2058 484 2112 131.
512 2057 585 2129 „liin
596 2058 693 2114 bochet
704 2058 977 2116 charalrteristisches
991 2059 1169 2127 Actenstticlr,
1182 2057 1231 2113 das
1243 2058 1314 2112 ohne
1326 2055 1396 2112 wei-

82 2149 144 2207 tera
158 2141 312 2211 Erhlirung
323 2143 426 2214 spricht
437 2172 480 2181 —
493 2172 528 2182 —
544 2141 640 2198 uomit
651 2141 759 2214 Gregor
771 2144 828 2200 Vll.
841 2144 879 2199 im
888 2145 908 2200 1.
922 2145 990 2202 1079
1002 2144 1045 2199 die
1057 2143 1214 2199 christliche
1226 2141 1303 2197 Welt
1314 2140 1395 2196 tiber-

85 2226 204 2303 rascbte.
230 2227 281 2282 hie
294 2227 457 2297 Grundntige
478 2225 571 2292 dieser
584 2226 768 2304 Eideslormel
786 2226 913 2284 kommcn
932 2228 1032 2284 iedoch
1053 2229 1140 2284 schon
1156 2227 1192 2283 im
1210 2224 1273 2281 Sten
1289 2243 1315 2280 ιι.
1332 2225 1396 2280 9ten

83 2311 174 2366 labrb.
186 2326 246 2368 vor.
268 2310 436 2380 Vornttglicb
446 2310 636 2380 merhwmtig
650 2311 686 2367 ist
696 2310 745 2367 der
759 2311 819 2383 liid,
831 2312 884 2368 den
895 2312 1060 2382 Bonilacius,
1074 2312 1122 2367 der
1136 2310 1253 2383 Apostel
1265 2310 1396 2367 heutseh-

81 2392 181 2462 lands,
195 2394 223 2448 in
234 2392 280 2448 die
296 2393 388 2449 llinde
405 2393 512 2464 Gregor
523 2395 557 2449 lt.
573 2392 691 2465 uhlcgta.
723 2397 784 2451 Von
796 2396 1144 2468 Verpllichtungengegen
1160 2393 1241 2471 Gott,
1254 2394 1355 2449 llircbe
1368 2410 1395 2452 u.

81 2472 214 2534 demaine
233 2478 336 2531 kommt
354 2478 381 2532 in
400 2477 493 2532 dieser
515 2477 623 2533 Formel
643 2479 708 2533 hein
721 2479 806 2548 Wort
823 2495 891 2550 vor,
914 2479 1033 2536 sondern
1052 2478 1100 2535 das
1113 2477 1203 2533 Ganae
1225 2478 1291 2547 geht
1302 2476 1400 2531 daraul

81 2579 145 2632 aus,
153 2562 197 2617 ein
209 2560 424 2617 vollkommenes
432 2560 744 2619 Vasallen-Verhaltniss
752 2579 785 2618 au
793 2562 854 2618 dem
862 2565 959 2636 l’apste
967 2563 1184 2618 alsLehnsherrn
1194 2560 1402 2616 uusnudrichen'

84 2645 139 2702 und
160 2645 395 2702 einnuscbtrien.“
435 2645 505 2701 Sane
520 2645 547 2700 in
557 2646 600 2701 his
612 2647 741 2702 nonnulla
755 2647 872 2718 iniquius
884 2655 944 2703 sunt
959 2648 1080 2718 prolata:
1095 2662 1154 2701 nam
1170 2643 1334 2716 quaedebet
1346 2642 1398 2699 Or·
1487 2693 1492 2702 .

85 2730 294 2802 dicanduslteo,
309 2729 461 2798 Ecclesiae,
473 2729 563 2801 plebi,
574 2729 626 2801 ipsi
637 2745 692 2785 non
701 2730 750 2786 illo
760 2731 922 2802 iuramento,
936 2731 986 2788 sed
996 2728 1258 2800 interrogationibus
1269 2744 1339 2798 quoe
1351 2743 1396 2782 se-

40 2878 43 2882 ,
85 2822 203 2889 quuntur
222 2813 406 2884 inculcantur,
427 2831 478 2868 nec
495 2813 575 2869 facile
587 2814 646 2885 quis
661 2812 801 2871 desideret
813 2816 841 2872 in
856 2816 909 2871 boc
923 2816 1047 2871 examine
1061 2822 1179 2871 sanctam
1195 2812 1356 2882 gravitatem
1370 2818 1399 2867 et

87 2898 269 2954 severitatem.
317 2899 472 2954 Tamen'et
496 2898 622 2953 lubenter
654 2898 744 2954 iateor
770 2899 833 2955 mibi
856 2916 963 2971 quoque
984 2900 1065 2954 multa
1085 2898 1240 2970 displicere.
1281 2895 1398 2953 Ollendit

86 2984 171 3038 totius
194 2983 328 3038 formulae
346 2982 485 3053 ingenium
501 2983 562 3054 plus
579 2983 652 3037 iusto
672 2983 835 3053 llomanum,
860 2985 1026 3039 stomachum
1046 2989 1157 3038 movent
1176 2997 1246 3052 quae
1265 2980 1327 3035 huic
1349 2995 1397 3034 ae-

84 3068 138 3122 tati
154 3066 279 3123 uidentur
298 3068 400 3138 inepta,
416 3082 509 3137 parum
522 3066 728 3123 accommodata
743 3084 775 3123 ac
789 3068 876 3137 magis
887 3067 975 3123 danda
991 3067 1122 3123 oblivioni
1133 3081 1211 3137 quarn
1222 3065 1320 3137 iterum
1331 3064 1396 3118 iter·-

88 3168 185 3221 umque
200 3151 382 3222 recoquenda.
416 3152 489 3206 Bene
504 3151 633 3207 convenit
647 3152 814 3225 temporibus
827 3151 956 3222 Gregorii
970 3160 1051 3223 atque
1063 3151 1172 3219 Cencii,
1194 3165 1263 3220 quae
1278 3162 1398 3203 comma-

10 3249 12 3252 ’
87 3241 226 3291 morantur
238 3234 272 3290 de
282 3237 352 3290 mala
364 3235 490 3306 captione
502 3235 669 3309 pontificum,
681 3235 715 3291 de
726 3236 907 3292 membrorum
919 3237 1126 3292 obtruncatione
1141 3242 1194 3289 etc.
1215 3233 1301 3288 minus
1312 3231 1398 3304 perti·

87 3326 152 3375 nent
163 3318 197 3374 ad
210 3327 333 3375 nostrum
344 3320 490 3378 saeculum.
512 3320 599 3375 Porro
614 3335 669 3376 non
681 3326 724 3376 est
736 3319 987 3393 Episcoporumha
997 3321 1112 3376 cretio
1122 3335 1160 3375 os
1175 3334 1227 3389 pro
1239 3333 1322 3388 posse
1333 3332 1398 3388 per-

87 3404 181 3476 sequi,
201 3403 250 3459 sed
268 3404 444 3459 haereses
459 3409 570 3460 tantum.
594 3403 721 3459 Forsitan
736 3420 790 3460 non
802 3405 910 3478 multum
925 3422 939 3459 a
953 3404 1031 3459 nobis
1042 3403 1181 3472 discrepat
1196 3400 1367 3456 binterimius
1379 3400 1399 3455 l.

86 3505 112 3549 c.
133 3487 163 3560 1,
183 3489 215 3556 2,
228 3505 256 3558 p.
271 3487 336 3542 268:
361 3487 530 3556 „Vielleicht
544 3487 616 3542 wird
631 3504 661 3542 es
677 3488 738 3544 eine
750 3488 902 3544 Paradoxie
918 3488 1064 3557 schemen,
1084 3502 1166 3541 wenn
1181 3485 1225 3540 iob
1236 3501 1319 3554 sege:
1344 3487 1399 3540 Der

86 3571 251 3640 Parteigeist
271 3570 307 3626 ist
325 3570 375 3626 der
391 3579 464 3627 erste
476 3571 600 3627 Urheher
615 3571 665 3626 der
680 3573 908 3643 gagenwirtigen
920 3572 1060 3641 Disciplin.
1101 3569 1175 3624 Naoh
1190 3568 1239 3624 der
1249 3569 1336 3625 Lehre
1350 3569 1399 3626 des

87 3657 115 3711 h.
129 3654 310 3722 ilierouymus
329 3654 398 3724 liegt
418 3654 447 3715 in
464 3655 553 3710 ledam
567 3653 635 3709 liide
655 3659 758 3727 etwas,
778 3656 828 3713 das
846 3673 909 3714 vom
923 3656 1012 3713 Biisen
1026 3656 1144 3724 kommt3
1163 3653 1212 3710 der
1226 3652 1277 3711 llid
1292 3654 1341 3711 der
1353 3655 1399 3712 Bi-

87 3740 186 3798 schole
197 3737 361 3811 uerleugnet
371 3738 448 3794 scine
458 3739 541 3796 Natur
552 3738 658 3794 nicht.“

151 3837 182 3915 2)
205 3839 331 3910 Sequitur
350 3839 378 3894 in
393 3839 544 3897 l’ontiflcali
563 3839 716 3896 accuratior
734 3841 870 3913 expositio
888 3842 960 3914 legis
979 3842 1013 3898 de
1033 3841 1175 3899 visitandis
1186 3860 1236 3916 per
1246 3841 1400 3919 Episcopus

90 3924 280 3997 apostolorum
301 3923 451 3992 timinihm3
470 3941 531 3981 nam
546 3925 619 3996 quod
633 3931 713 3981 antea
728 3927 791 3998 piae
805 3924 896 3984 iuerat
910 3926 1123 3997 consuetudinis,
1138 3927 1207 3984 stxti
1221 3929 1248 3982 V
1262 3925 1399 3984 Pontiliois

90 4008 252 4065 auctoritate
275 4009 340 4078 lege
357 4006 514 4066 adstrictum
539 4017 592 4068 est.
631 4009 675 4066 Ad
693 4012 748 4066 hoc
767 4018 873 4083 tempus
893 4012 1062 4082 singulorum
1081 4011 1401 4085 trienniorumtcnentur

90 4092 214 4165 episcopi
225 4093 320 4149 ltaliae
332 4098 411 4163 atque
424 4092 602 4150 adiacentium
616 4095 830 4166 provinciarum,
843 4103 939 4168 quarto
952 4097 1047 4168 quovis
1059 4112 1130 4152 anno
1142 4096 1252 4152 Romam
1263 4093 1401 4170 proticisci

90 4177 191 4232 debeht
205 4171 341 4247 Germani,
354 4175 432 4247 Galli,
445 4177 567 4251 llispani,
578 4179 824 4251 Hungori,l'oloni‚
835 4179 931 4251 Angli,
941 4181 1017 4237 Sccti
1029 4187 1094 4251 etc,
1109 4180 1144 4235 ad
1157 4187 1262 4250 tempus
1277 4178 1400 4247 singulo·

91 4277 150 4317 rum
167 4261 410 4333 quinquenniorum
429 4263 474 4333 qui
492 4264 562 4318 intra
576 4263 704 4336 Europae
726 4265 793 4321 fines
808 4272 871 4321 sunt
890 4264 934 4320 bis
952 4265 1113 4336 regionibu
1123 4264 1301 4332 remotiores,
1321 4269 1403 4334 atque

91 4344 172 4400 etiam
185 4344 307 4402 Africani
327 4345 454 4402 litoribus
465 4347 558 4402 ltaliae
576 4347 684 4405 adversi
703 4356 784 4420 atque
804 4348 949 4405 insularum
964 4349 1046 4405 maris
1061 4348 1162 4404 Oceani
1176 4345 1402 4418 septentrionalis

91 4436 120 4484 ct
136 4428 320 4486 Occidentalis
331 4431 468 4503 Europae,
483 4439 563 4503 atque
575 4432 687 4488 siricae
698 4433 766 4489 citra
778 4434 974 4491 continentiam
984 4434 1050 4489 novi
1061 4432 1147 4501 orbis,
1160 4438 1226 4487 tam
1241 4431 1295 4502 qui
1311 4447 1403 4485 nunc

91 4518 173 4567 sunt
198 4529 293 4584 quam
315 4515 430 4586 qniad
455 4515 674 4572 catholicam
700 4517 808 4573 iidem
829 4534 891 4590 per
917 4514 1287 4573 misericordiamhei
1308 4513 1402 4569 redi-

92 4596 229 4652 bunt-
249 4598 283 4654 ad
305 4606 410 4673 tempus
424 4599 592 4674 singulorum
609 4600 800 4659 decenniornm
813 4601 929 4658 Asiatici
940 4609 1020 4673 atque
1036 4599 1193 4656 Americani
1203 4606 1254 4660 etc.
1266 4631 1308 4643 -·-
1328 4598 1410 4654 ilanc'
