<?xml version="1.0" encoding="UTF-8"?>
<!DOCTYPE html PUBLIC "-//W3C//DTD XHTML 1.0 Transitional//EN"
    "http://www.w3.org/TR/xhtml1/DTD/xhtml1-transitional.dtd">
<html xmlns="http://www.w3.org/1999/xhtml" xml:lang="en" lang="en">
 <head>
  <title>
</title>
<meta http-equiv="Content-Type" content="text/html;charset=utf-8" />
  <meta name='ocr-system' content='tesseract 3.04.00' />
  <meta name='ocr-capabilities' content='ocr_page ocr_carea ocr_par ocr_line ocrx_word'/>
</head>
<body>
  <div class='ocr_page' id='page_1' title='image "./codexliturgicus02danigoog_0279.png"; bbox 0 0 3202 5176; ppageno 0'>
   <div class='ocr_carea' id='block_1_1' title="bbox 813 320 890 397">
    <p class='ocr_par' dir='ltr' id='par_1_1' title="bbox 813 320 890 397">
     <span class='ocr_line' id='line_1_1' title="bbox 813 320 890 397; baseline -0.065 0"><span class='ocrx_word' id='word_1_1' title='bbox 813 320 890 397; x_wconf 70' lang='lat'>2³8</span> 
     </span>
    </p>
   </div>
   <div class='ocr_carea' id='block_1_2' title="bbox 110 505 1511 2946">
    <p class='ocr_par' dir='ltr' id='par_1_2' title="bbox 188 505 1511 699">
     <span class='ocr_line' id='line_1_2' title="bbox 188 505 1511 602; baseline 0.002 -26"><span class='ocrx_word' id='word_1_2' title='bbox 188 514 270 577; x_wconf 78' lang='lat' dir='ltr'>Tunc</span> <span class='ocrx_word' id='word_1_3' title='bbox 288 514 323 576; x_wconf 80' lang='grc' dir='ltr'>Α.</span> <span class='ocrx_word' id='word_1_4' title='bbox 345 523 514 596; x_wconf 87' lang='lat' dir='ltr'>praesentat</span> <span class='ocrx_word' id='word_1_5' title='bbox 534 513 713 575; x_wconf 86' lang='lat' dir='ltr'>ordinandos</span> <span class='ocrx_word' id='word_1_6' title='bbox 731 514 866 577; x_wconf 80' lang='lat' dir='ltr'>Pontifici</span> <span class='ocrx_word' id='word_1_7' title='bbox 886 513 1004 578; x_wconf 86' lang='lat' dir='ltr'>dicens:</span> <span class='ocrx_word' id='word_1_8' title='bbox 1030 505 1335 598; x_wconf 61' lang='lat' dir='ltr'>Reuerendissime</span> <span class='ocrx_word' id='word_1_9' title='bbox 1358 517 1458 602; x_wconf 81' lang='lat' dir='ltr'>patet·</span> <span class='ocrx_word' id='word_1_10' title='bbox 1480 527 1511 579; x_wconf 86' lang='lat' dir='ltr'>et</span> 
     </span>
     <span class='ocr_line' id='line_1_3' title="bbox 188 610 637 699; baseline -0.009 -20"><span class='ocrx_word' id='word_1_11' title='bbox 188 636 263 699; x_wconf 89' lang='lat' dir='ltr'>quae</span> <span class='ocrx_word' id='word_1_12' title='bbox 281 628 444 699; x_wconf 86' lang='lat' dir='ltr'>sequuntur</span> <span class='ocrx_word' id='word_1_13' title='bbox 466 625 497 677; x_wconf 88' lang='lat' dir='ltr'>ut</span> <span class='ocrx_word' id='word_1_14' title='bbox 516 635 545 696; x_wconf 91' lang='lat' dir='ltr'>p.</span> <span class='ocrx_word' id='word_1_15' title='bbox 565 610 637 676; x_wconf 78' lang='lat'><strong>235.</strong></span> 
     </span>
    </p>

    <p class='ocr_par' dir='ltr' id='par_1_3' title="bbox 110 704 1509 2619">
     <span class='ocr_line' id='line_1_4' title="bbox 290 704 1509 801; baseline 0 -20"><span class='ocrx_word' id='word_1_16' title='bbox 290 720 328 781; x_wconf 85' lang='lat' dir='ltr'>Et</span> <span class='ocrx_word' id='word_1_17' title='bbox 351 720 501 780; x_wconf 86' lang='lat' dir='ltr'>annuntiat</span> <span class='ocrx_word' id='word_1_18' title='bbox 514 718 547 779; x_wconf 90' lang='lat' dir='ltr'>P.</span> <span class='ocrx_word' id='word_1_19' title='bbox 570 717 652 781; x_wconf 90' lang='lat' dir='ltr'>ciero</span> <span class='ocrx_word' id='word_1_20' title='bbox 668 726 697 779; x_wconf 88' lang='lat' dir='ltr'>et</span> <span class='ocrx_word' id='word_1_21' title='bbox 711 717 822 798; x_wconf 90' lang='lat' dir='ltr'>populo</span> <span class='ocrx_word' id='word_1_22' title='bbox 841 717 961 779; x_wconf 88' lang='lat' dir='ltr'>dicens:</span> <span class='ocrx_word' id='word_1_23' title='bbox 989 704 1170 797; x_wconf 69' lang='lat' dir='ltr'>Quoniam,</span> <span class='ocrx_word' id='word_1_24' title='bbox 1192 706 1299 782; x_wconf 75' lang='lat' dir='ltr'>faites</span> <span class='ocrx_word' id='word_1_25' title='bbox 1328 709 1509 801; x_wconf 71' lang='lat' dir='ltr'>carissimi,</span> 
     </span>
     <span class='ocr_line' id='line_1_5' title="bbox 186 809 1507 903; baseline 0.001 -19"><span class='ocrx_word' id='word_1_26' title='bbox 186 815 316 884; x_wconf 79' lang='lat' dir='ltr'>rectori</span> <span class='ocrx_word' id='word_1_27' title='bbox 340 815 439 886; x_wconf 87' lang='lat' dir='ltr'>navis</span> <span class='ocrx_word' id='word_1_28' title='bbox 462 822 496 882; x_wconf 91' lang='lat' dir='ltr'>et</span> <span class='ocrx_word' id='word_1_29' title='bbox 516 813 656 903; x_wconf 84' lang='lat' dir='ltr'>navigio</span> <span class='ocrx_word' id='word_1_30' title='bbox 683 809 880 882; x_wconf 86' lang='lat' dir='ltr'>deferendis</span> <span class='ocrx_word' id='word_1_31' title='bbox 901 809 1022 888; x_wconf 91' lang='lat' dir='ltr'>eadem</span> <span class='ocrx_word' id='word_1_32' title='bbox 1042 819 1111 898; x_wconf 76' lang='lat' dir='ltr'>est,</span> <span class='ocrx_word' id='word_1_33' title='bbox 1129 810 1400 885; x_wconf 83' lang='lat' dir='ltr'>veisecuritatis</span> <span class='ocrx_word' id='word_1_34' title='bbox 1418 815 1507 885; x_wconf 91' lang='lat' dir='ltr'>ratio</span> 
     </span>
     <span class='ocr_line' id='line_1_6' title="bbox 187 911 1507 1008; baseline 0 -22"><span class='ocrx_word' id='word_1_35' title='bbox 187 916 248 986; x_wconf 85' lang='lat' dir='ltr'>vel</span> <span class='ocrx_word' id='word_1_36' title='bbox 270 916 458 986; x_wconf 92' lang='lat' dir='ltr'>communis</span> <span class='ocrx_word' id='word_1_37' title='bbox 486 915 635 986; x_wconf 81' lang='lat' dir='ltr'>timoris:</span> <span class='ocrx_word' id='word_1_38' title='bbox 667 934 730 1008; x_wconf 95' lang='lat' dir='ltr'>par</span> <span class='ocrx_word' id='word_1_39' title='bbox 762 933 881 982; x_wconf 90' lang='lat' dir='ltr'>eorum</span> <span class='ocrx_word' id='word_1_40' title='bbox 910 911 1012 983; x_wconf 91' lang='lat' dir='ltr'>debet</span> <span class='ocrx_word' id='word_1_41' title='bbox 1035 932 1114 984; x_wconf 92' lang='lat' dir='ltr'>esse</span> <span class='ocrx_word' id='word_1_42' title='bbox 1140 915 1329 1001; x_wconf 64' lang='lat' dir='ltr'>sententia„</span> <span class='ocrx_word' id='word_1_43' title='bbox 1362 937 1507 1008; x_wconf 93' lang='lat' dir='ltr'>quorum</span> 
     </span>
     <span class='ocr_line' id='line_1_7' title="bbox 187 1011 1507 1109; baseline 0.002 -23"><span class='ocrx_word' id='word_1_44' title='bbox 187 1038 291 1089; x_wconf 88' lang='lat' dir='ltr'>causa</span> <span class='ocrx_word' id='word_1_45' title='bbox 314 1017 501 1089; x_wconf 92' lang='lat' dir='ltr'>communis</span> <span class='ocrx_word' id='word_1_46' title='bbox 523 1017 646 1088; x_wconf 76' lang='lat' dir='ltr'>existit.</span> <span class='ocrx_word' id='word_1_47' title='bbox 691 1011 813 1108; x_wconf 81' lang='lat' dir='ltr'>Neque</span> <span class='ocrx_word' id='word_1_48' title='bbox 835 1018 925 1086; x_wconf 93' lang='lat' dir='ltr'>enim</span> <span class='ocrx_word' id='word_1_49' title='bbox 943 1013 1071 1085; x_wconf 85' lang='lat' dir='ltr'>frustra</span> <span class='ocrx_word' id='word_1_50' title='bbox 1093 1035 1113 1083; x_wconf 94' lang='lat' dir='ltr'>a</span> <span class='ocrx_word' id='word_1_51' title='bbox 1131 1013 1283 1109; x_wconf 90' lang='lat' dir='ltr'>patribus</span> <span class='ocrx_word' id='word_1_52' title='bbox 1306 1017 1507 1107; x_wconf 77' lang='lat' dir='ltr'>institutum,</span> 
     </span>
     <span class='ocr_line' id='line_1_8' title="bbox 187 1115 1506 1211; baseline 0.001 -23"><span class='ocrx_word' id='word_1_53' title='bbox 187 1127 224 1189; x_wconf 93' lang='lat' dir='ltr'>ut</span> <span class='ocrx_word' id='word_1_54' title='bbox 258 1117 301 1188; x_wconf 93' lang='lat' dir='ltr'>de</span> <span class='ocrx_word' id='word_1_55' title='bbox 328 1119 499 1189; x_wconf 84' lang='lat' dir='ltr'>electione</span> <span class='ocrx_word' id='word_1_56' title='bbox 532 1118 688 1207; x_wconf 74' lang='lat' dir='ltr'>illorum,</span> <span class='ocrx_word' id='word_1_57' title='bbox 718 1119 775 1211; x_wconf 93' lang='lat' dir='ltr'>qui</span> <span class='ocrx_word' id='word_1_58' title='bbox 808 1115 851 1186; x_wconf 92' lang='lat' dir='ltr'>ad</span> <span class='ocrx_word' id='word_1_59' title='bbox 883 1117 1039 1209; x_wconf 86' lang='lat' dir='ltr'>regimen</span> <span class='ocrx_word' id='word_1_60' title='bbox 1065 1116 1182 1190; x_wconf 89' lang='lat' dir='ltr'>altaris</span> <span class='ocrx_word' id='word_1_61' title='bbox 1209 1116 1392 1189; x_wconf 89' lang='lat' dir='ltr'>adhibendi</span> <span class='ocrx_word' id='word_1_62' title='bbox 1416 1130 1506 1208; x_wconf 69' lang='lat' dir='ltr'>sunt,</span> 
     </span>
     <span class='ocr_line' id='line_1_9' title="bbox 186 1217 1506 1314; baseline 0 -22"><span class='ocrx_word' id='word_1_63' title='bbox 186 1220 385 1294; x_wconf 88' lang='lat' dir='ltr'>consulatur</span> <span class='ocrx_word' id='word_1_64' title='bbox 411 1223 512 1290; x_wconf 91' lang='lat' dir='ltr'>etiam</span> <span class='ocrx_word' id='word_1_65' title='bbox 539 1220 705 1314; x_wconf 84' lang='lat' dir='ltr'>populus:</span> <span class='ocrx_word' id='word_1_66' title='bbox 730 1217 875 1313; x_wconf 89' lang='lat' dir='ltr'>quiade</span> <span class='ocrx_word' id='word_1_67' title='bbox 901 1222 972 1293; x_wconf 84' lang='lat' dir='ltr'>vita</span> <span class='ocrx_word' id='word_1_68' title='bbox 998 1228 1033 1289; x_wconf 90' lang='lat' dir='ltr'>et</span> <span class='ocrx_word' id='word_1_69' title='bbox 1055 1220 1319 1313; x_wconf 89' lang='lat' dir='ltr'>conversatione</span> <span class='ocrx_word' id='word_1_70' title='bbox 1340 1241 1506 1314; x_wconf 90' lang='lat' dir='ltr'>praesen-</span> 
     </span>
     <span class='ocr_line' id='line_1_10' title="bbox 185 1319 1506 1417; baseline -0.001 -22"><span class='ocrx_word' id='word_1_71' title='bbox 185 1321 301 1411; x_wconf 74' lang='lat' dir='ltr'>tandi,</span> <span class='ocrx_word' id='word_1_72' title='bbox 337 1321 429 1417; x_wconf 93' lang='lat' dir='ltr'>quod</span> <span class='ocrx_word' id='word_1_73' title='bbox 450 1343 702 1416; x_wconf 83' lang='lat' dir='ltr'>nonnumquam</span> <span class='ocrx_word' id='word_1_74' title='bbox 723 1323 901 1412; x_wconf 83' lang='lat' dir='ltr'>ignoratur</span> <span class='ocrx_word' id='word_1_75' title='bbox 927 1343 947 1389; x_wconf 90' lang='lat' dir='ltr'>a</span> <span class='ocrx_word' id='word_1_76' title='bbox 972 1319 1140 1415; x_wconf 65' lang='lat' dir='ltr'>pluribus,</span> <span class='ocrx_word' id='word_1_77' title='bbox 1160 1322 1267 1392; x_wconf 88' lang='lat' dir='ltr'>scitur</span> <span class='ocrx_word' id='word_1_78' title='bbox 1288 1344 1309 1391; x_wconf 93' lang='lat' dir='ltr'>a</span> <span class='ocrx_word' id='word_1_79' title='bbox 1329 1324 1450 1415; x_wconf 87' lang='lat' dir='ltr'>paucis</span> <span class='ocrx_word' id='word_1_80' title='bbox 1472 1333 1506 1394; x_wconf 92' lang='lat' dir='ltr'>et</span> 
     </span>
     <span class='ocr_line' id='line_1_11' title="bbox 185 1419 1505 1517; baseline -0.001 -22"><span class='ocrx_word' id='word_1_81' title='bbox 185 1445 332 1498; x_wconf 91' lang='lat' dir='ltr'>necesse</span> <span class='ocrx_word' id='word_1_82' title='bbox 356 1434 427 1514; x_wconf 76' lang='lat' dir='ltr'>est,</span> <span class='ocrx_word' id='word_1_83' title='bbox 445 1434 483 1494; x_wconf 94' lang='lat' dir='ltr'>ut</span> <span class='ocrx_word' id='word_1_84' title='bbox 509 1423 643 1497; x_wconf 89' lang='lat' dir='ltr'>facilius</span> <span class='ocrx_word' id='word_1_85' title='bbox 669 1426 703 1494; x_wconf 92' lang='lat' dir='ltr'>ei</span> <span class='ocrx_word' id='word_1_86' title='bbox 729 1424 787 1517; x_wconf 93' lang='lat' dir='ltr'>qui</span> <span class='ocrx_word' id='word_1_87' title='bbox 812 1423 1041 1495; x_wconf 84' lang='lat' dir='ltr'>obedientiam</span> <span class='ocrx_word' id='word_1_88' title='bbox 1067 1419 1229 1493; x_wconf 87' lang='lat' dir='ltr'>exhibeat</span> <span class='ocrx_word' id='word_1_89' title='bbox 1256 1422 1427 1512; x_wconf 72' lang='lat' dir='ltr'>ordinato,</span> <span class='ocrx_word' id='word_1_90' title='bbox 1450 1425 1505 1496; x_wconf 92' lang='lat' dir='ltr'>cui</span> 
     </span>
     <span class='ocr_line' id='line_1_12' title="bbox 110 1523 1505 1622; baseline -0.001 -25"><span class='ocrx_word' id='word_1_91' title='bbox 110 1574 116 1584; x_wconf 42' lang='grc' dir='ltr'><strong>ι</strong></span> <span class='ocrx_word' id='word_1_92' title='bbox 187 1547 364 1599; x_wconf 82' lang='lat' dir='ltr'>assensum</span> <span class='ocrx_word' id='word_1_93' title='bbox 397 1526 594 1622; x_wconf 83' lang='lat' dir='ltr'>praebuerit</span> <span class='ocrx_word' id='word_1_94' title='bbox 617 1524 815 1597; x_wconf 91' lang='lat' dir='ltr'>ordinando.</span> <span class='ocrx_word' id='word_1_95' title='bbox 869 1524 1001 1597; x_wconf 91' lang='lat' dir='ltr'>Horum</span> <span class='ocrx_word' id='word_1_96' title='bbox 1027 1523 1194 1617; x_wconf 90' lang='lat' dir='ltr'>siquidem</span> <span class='ocrx_word' id='word_1_97' title='bbox 1215 1524 1450 1596; x_wconf 90' lang='lat' dir='ltr'>Diaconorum</span> <span class='ocrx_word' id='word_1_98' title='bbox 1471 1527 1505 1596; x_wconf 94' lang='lat' dir='ltr'>in</span> 
     </span>
     <span class='ocr_line' id='line_1_13' title="bbox 184 1624 1504 1722; baseline -0.002 -22"><span class='ocrx_word' id='word_1_99' title='bbox 184 1628 428 1722; x_wconf 68' lang='lat' dir='ltr'>presbyteros,</span> <span class='ocrx_word' id='word_1_100' title='bbox 452 1630 637 1698; x_wconf 89' lang='lat' dir='ltr'>auxiliante</span> <span class='ocrx_word' id='word_1_101' title='bbox 659 1626 1108 1715; x_wconf 44' lang='lat' dir='ltr'>Dominoqordinandorum</span> <span class='ocrx_word' id='word_1_102' title='bbox 1134 1629 1355 1699; x_wconf 90' lang='lat' dir='ltr'>conversatio</span> <span class='ocrx_word' id='word_1_103' title='bbox 1383 1624 1504 1722; x_wconf 93' lang='lat' dir='ltr'>(quan-</span> 
     </span>
     <span class='ocr_line' id='line_1_14' title="bbox 184 1725 1504 1826; baseline 0.001 -26"><span class='ocrx_word' id='word_1_104' title='bbox 184 1740 255 1802; x_wconf 90' lang='lat' dir='ltr'>tum</span> <span class='ocrx_word' id='word_1_105' title='bbox 281 1730 362 1800; x_wconf 94' lang='lat' dir='ltr'>mihi</span> <span class='ocrx_word' id='word_1_106' title='bbox 383 1728 536 1826; x_wconf 86' lang='lat' dir='ltr'>videtur)</span> <span class='ocrx_word' id='word_1_107' title='bbox 563 1729 706 1824; x_wconf 91' lang='lat' dir='ltr'>probata</span> <span class='ocrx_word' id='word_1_108' title='bbox 732 1739 767 1800; x_wconf 90' lang='lat' dir='ltr'>et</span> <span class='ocrx_word' id='word_1_109' title='bbox 786 1729 863 1799; x_wconf 91' lang='lat' dir='ltr'>Deo</span> <span class='ocrx_word' id='word_1_110' title='bbox 883 1728 1008 1824; x_wconf 91' lang='lat' dir='ltr'>placita</span> <span class='ocrx_word' id='word_1_111' title='bbox 1029 1730 1145 1800; x_wconf 87' lang='lat' dir='ltr'>existit</span> <span class='ocrx_word' id='word_1_112' title='bbox 1165 1739 1199 1800; x_wconf 92' lang='lat' dir='ltr'>et</span> <span class='ocrx_word' id='word_1_113' title='bbox 1219 1728 1322 1820; x_wconf 87' lang='lat' dir='ltr'>digna</span> <span class='ocrx_word' id='word_1_114' title='bbox 1343 1725 1396 1824; x_wconf 87' lang='lat' dir='ltr'>(ut</span> <span class='ocrx_word' id='word_1_115' title='bbox 1416 1729 1504 1801; x_wconf 90' lang='lat' dir='ltr'>arbi·</span> 
     </span>
     <span class='ocr_line' id='line_1_15' title="bbox 184 1829 1504 1927; baseline -0.002 -22"><span class='ocrx_word' id='word_1_116' title='bbox 184 1830 273 1927; x_wconf 90' lang='lat' dir='ltr'>tror)</span> <span class='ocrx_word' id='word_1_117' title='bbox 305 1832 699 1905; x_wconf 86' lang='lat' dir='ltr'>ecclesiasticihonoris</span> <span class='ocrx_word' id='word_1_118' title='bbox 728 1841 922 1924; x_wconf 86' lang='lat' dir='ltr'>augmento.</span> <span class='ocrx_word' id='word_1_119' title='bbox 976 1829 1047 1903; x_wconf 85' lang='lat' dir='ltr'>Sed</span> <span class='ocrx_word' id='word_1_120' title='bbox 1073 1852 1118 1900; x_wconf 93' lang='lat' dir='ltr'>ne</span> <span class='ocrx_word' id='word_1_121' title='bbox 1139 1853 1253 1901; x_wconf 93' lang='lat' dir='ltr'>unum.</span> <span class='ocrx_word' id='word_1_122' title='bbox 1269 1830 1422 1903; x_wconf 85' lang='lat' dir='ltr'>fortasso&#39;</span> <span class='ocrx_word' id='word_1_123' title='bbox 1444 1832 1504 1903; x_wconf 85' lang='lat' dir='ltr'>vei</span> 
     </span>
     <span class='ocr_line' id='line_1_16' title="bbox 184 1931 1502 2030; baseline 0.002 -26"><span class='ocrx_word' id='word_1_124' title='bbox 184 1955 314 2030; x_wconf 91' lang='lat' dir='ltr'>paucos</span> <span class='ocrx_word' id='word_1_125' title='bbox 337 1944 394 2005; x_wconf 90' lang='lat' dir='ltr'>aut</span> <span class='ocrx_word' id='word_1_126' title='bbox 417 1934 564 2028; x_wconf 90' lang='lat' dir='ltr'>decipiat</span> <span class='ocrx_word' id='word_1_127' title='bbox 585 1936 760 2021; x_wconf 70' lang='lat' dir='ltr'>assensio,</span> <span class='ocrx_word' id='word_1_128' title='bbox 786 1933 846 2004; x_wconf 92' lang='lat' dir='ltr'>vel</span> <span class='ocrx_word' id='word_1_129' title='bbox 867 1932 964 2003; x_wconf 84' lang='lat' dir='ltr'>fallat</span> <span class='ocrx_word' id='word_1_130' title='bbox 989 1931 1145 2021; x_wconf 72' lang='lat' dir='ltr'>affectio,</span> <span class='ocrx_word' id='word_1_131' title='bbox 1172 1935 1339 2007; x_wconf 88' lang='lat' dir='ltr'>sententia</span> <span class='ocrx_word' id='word_1_132' title='bbox 1362 1943 1415 2007; x_wconf 87' lang='lat' dir='ltr'>est</span> <span class='ocrx_word' id='word_1_133' title='bbox 1441 1955 1502 2006; x_wconf 92' lang='lat' dir='ltr'>ex-</span> 
     </span>
     <span class='ocr_line' id='line_1_17' title="bbox 184 2032 1502 2132; baseline 0.002 -26"><span class='ocrx_word' id='word_1_134' title='bbox 184 2035 334 2132; x_wconf 92' lang='lat' dir='ltr'>petenda</span> <span class='ocrx_word' id='word_1_135' title='bbox 366 2035 559 2105; x_wconf 91' lang='lat' dir='ltr'>multorum.</span> <span class='ocrx_word' id='word_1_136' title='bbox 612 2032 732 2128; x_wconf 91' lang='lat' dir='ltr'>Itaque</span> <span class='ocrx_word' id='word_1_137' title='bbox 763 2034 844 2128; x_wconf 94' lang='lat' dir='ltr'>quid</span> <span class='ocrx_word' id='word_1_138' title='bbox 879 2035 922 2105; x_wconf 79' lang='lat' dir='ltr'>de</span> <span class='ocrx_word' id='word_1_139' title='bbox 956 2056 1077 2106; x_wconf 86' lang='lat' dir='ltr'>eorum</span> <span class='ocrx_word' id='word_1_140' title='bbox 1103 2034 1232 2106; x_wconf 89' lang='lat' dir='ltr'>actibus</span> <span class='ocrx_word' id='word_1_141' title='bbox 1266 2043 1325 2106; x_wconf 85' lang='lat' dir='ltr'>aut</span> <span class='ocrx_word' id='word_1_142' title='bbox 1349 2034 1502 2109; x_wconf 89' lang='lat' dir='ltr'>moribus</span> 
     </span>
     <span class='ocr_line' id='line_1_18' title="bbox 183 2135 1502 2232; baseline -0.002 -23"><span class='ocrx_word' id='word_1_143' title='bbox 183 2137 365 2225; x_wconf 70' lang='lat' dir='ltr'>noveritis,</span> <span class='ocrx_word' id='word_1_144' title='bbox 388 2136 468 2230; x_wconf 92' lang='lat' dir='ltr'>quid</span> <span class='ocrx_word' id='word_1_145' title='bbox 486 2136 529 2206; x_wconf 91' lang='lat' dir='ltr'>de</span> <span class='ocrx_word' id='word_1_146' title='bbox 549 2138 670 2206; x_wconf 88' lang='lat' dir='ltr'>merito</span> <span class='ocrx_word' id='word_1_147' title='bbox 690 2139 855 2223; x_wconf 68' lang='lat' dir='ltr'>sentiatis,</span> <span class='ocrx_word' id='word_1_148' title='bbox 875 2135 984 2207; x_wconf 90' lang='lat' dir='ltr'>libera</span> <span class='ocrx_word' id='word_1_149' title='bbox 1003 2158 1093 2208; x_wconf 82' lang='lat' dir='ltr'>voce</span> <span class='ocrx_word' id='word_1_150' title='bbox 1113 2136 1269 2232; x_wconf 91' lang='lat' dir='ltr'>pandatis</span> <span class='ocrx_word' id='word_1_151' title='bbox 1288 2146 1322 2208; x_wconf 89' lang='lat' dir='ltr'>et</span> <span class='ocrx_word' id='word_1_152' title='bbox 1340 2135 1393 2210; x_wconf 89' lang='lat' dir='ltr'>bis</span> <span class='ocrx_word' id='word_1_153' title='bbox 1405 2139 1502 2212; x_wconf 84' lang='lat' dir='ltr'>testi-</span> 
     </span>
     <span class='ocr_line' id='line_1_19' title="bbox 183 2236 1500 2334; baseline -0.002 -23"><span class='ocrx_word' id='word_1_154' title='bbox 183 2241 333 2311; x_wconf 93' lang='lat' dir='ltr'>monium</span> <span class='ocrx_word' id='word_1_155' title='bbox 354 2237 539 2311; x_wconf 88' lang='lat' dir='ltr'>sacerdotii</span> <span class='ocrx_word' id='word_1_156' title='bbox 559 2241 668 2329; x_wconf 84' lang='lat' dir='ltr'>magis</span> <span class='ocrx_word' id='word_1_157' title='bbox 687 2259 750 2334; x_wconf 92' lang='lat' dir='ltr'>pro</span> <span class='ocrx_word' id='word_1_158' title='bbox 772 2240 893 2310; x_wconf 87' lang='lat' dir='ltr'>merito</span> <span class='ocrx_word' id='word_1_159' title='bbox 918 2260 1018 2333; x_wconf 91' lang='lat' dir='ltr'>quam</span> <span class='ocrx_word' id='word_1_160' title='bbox 1038 2237 1218 2310; x_wconf 86' lang='lat' dir='ltr'>affectione</span> <span class='ocrx_word' id='word_1_161' title='bbox 1241 2239 1353 2334; x_wconf 87' lang='lat' dir='ltr'>aliqua</span> <span class='ocrx_word' id='word_1_162' title='bbox 1372 2236 1500 2334; x_wconf 73' lang='lat' dir='ltr'>tribua</span> 
     </span>
     <span class='ocr_line' id='line_1_20' title="bbox 183 2336 1501 2437; baseline -0.002 -24"><span class='ocrx_word' id='word_1_163' title='bbox 183 2345 237 2415; x_wconf 88' lang='lat' dir='ltr'>tis.</span> <span class='ocrx_word' id='word_1_164' title='bbox 291 2337 329 2413; x_wconf 88' lang='lat' dir='ltr'>Si</span> <span class='ocrx_word' id='word_1_165' title='bbox 358 2343 433 2435; x_wconf 91' lang='lat' dir='ltr'>quis</span> <span class='ocrx_word' id='word_1_166' title='bbox 462 2341 566 2432; x_wconf 83' lang='lat' dir='ltr'>igitur</span> <span class='ocrx_word' id='word_1_167' title='bbox 595 2336 697 2412; x_wconf 89' lang='lat' dir='ltr'>habet</span> <span class='ocrx_word' id='word_1_168' title='bbox 722 2340 849 2434; x_wconf 88' lang='lat' dir='ltr'>aliquid</span> <span class='ocrx_word' id='word_1_169' title='bbox 876 2349 996 2412; x_wconf 90' lang='lat' dir='ltr'>contra</span> <span class='ocrx_word' id='word_1_170' title='bbox 1015 2339 1096 2412; x_wconf 85' lang='lat' dir='ltr'>iilos</span> <span class='ocrx_word' id='word_1_171' title='bbox 1117 2363 1180 2436; x_wconf 89' lang='lat' dir='ltr'>pro</span> <span class='ocrx_word' id='word_1_172' title='bbox 1201 2341 1278 2413; x_wconf 88' lang='lat' dir='ltr'>Deo</span> <span class='ocrx_word' id='word_1_173' title='bbox 1302 2352 1336 2414; x_wconf 90' lang='lat' dir='ltr'>et</span> <span class='ocrx_word' id='word_1_174' title='bbox 1360 2350 1501 2437; x_wconf 84' lang='lat' dir='ltr'>propter</span> 
     </span>
     <span class='ocr_line' id='line_1_21' title="bbox 183 2440 1501 2516; baseline -0.002 -1"><span class='ocrx_word' id='word_1_175' title='bbox 183 2444 295 2515; x_wconf 90' lang='lat' dir='ltr'>Deum</span> <span class='ocrx_word' id='word_1_176' title='bbox 322 2465 399 2513; x_wconf 91' lang='lat' dir='ltr'>cum</span> <span class='ocrx_word' id='word_1_177' title='bbox 420 2440 542 2513; x_wconf 88' lang='lat' dir='ltr'>fiducia</span> <span class='ocrx_word' id='word_1_178' title='bbox 566 2452 669 2513; x_wconf 88' lang='lat' dir='ltr'>exeat</span> <span class='ocrx_word' id='word_1_179' title='bbox 695 2451 730 2513; x_wconf 93' lang='lat' dir='ltr'>et</span> <span class='ocrx_word' id='word_1_180' title='bbox 756 2441 854 2513; x_wconf 88' lang='lat' dir='ltr'>dicat.</span> <span class='ocrx_word' id='word_1_181' title='bbox 906 2440 1141 2514; x_wconf 84' lang='lat' dir='ltr'>Veruntamen</span> <span class='ocrx_word' id='word_1_182' title='bbox 1162 2465 1294 2515; x_wconf 89' lang='lat' dir='ltr'>memor</span> <span class='ocrx_word' id='word_1_183' title='bbox 1313 2444 1357 2516; x_wconf 88' lang='lat' dir='ltr'>sit</span> <span class='ocrx_word' id='word_1_184' title='bbox 1385 2442 1501 2514; x_wconf 91' lang='lat' dir='ltr'>condi-</span> 
     </span>
     <span class='ocr_line' id='line_1_22' title="bbox 181 2548 398 2619; baseline -0.014 -2"><span class='ocrx_word' id='word_1_185' title='bbox 181 2548 285 2619; x_wconf 91' lang='lat' dir='ltr'>tionis</span> <span class='ocrx_word' id='word_1_186' title='bbox 305 2566 398 2617; x_wconf 90' lang='lat' dir='ltr'>suae.</span> 
     </span>
    </p>

    <p class='ocr_par' dir='ltr' id='par_1_4' title="bbox 181 2654 1499 2946">
     <span class='ocr_line' id='line_1_23' title="bbox 285 2654 1499 2734; baseline 0 -17"><span class='ocrx_word' id='word_1_187' title='bbox 285 2656 393 2718; x_wconf 86' lang='lat' dir='ltr'>Postea</span> <span class='ocrx_word' id='word_1_188' title='bbox 414 2656 446 2717; x_wconf 87' lang='lat' dir='ltr'>P.</span> <span class='ocrx_word' id='word_1_189' title='bbox 466 2655 543 2719; x_wconf 85' lang='lat' dir='ltr'>iacta</span> <span class='ocrx_word' id='word_1_190' title='bbox 563 2654 659 2734; x_wconf 88' lang='lat' dir='ltr'>aliqua</span> <span class='ocrx_word' id='word_1_191' title='bbox 679 2673 760 2717; x_wconf 90' lang='lat' dir='ltr'>mora</span> <span class='ocrx_word' id='word_1_192' title='bbox 782 2664 962 2717; x_wconf 87' lang='lat' dir='ltr'>convertens</span> <span class='ocrx_word' id='word_1_193' title='bbox 983 2673 1149 2716; x_wconf 89' lang='lat' dir='ltr'>sermonem</span> <span class='ocrx_word' id='word_1_194' title='bbox 1171 2674 1255 2715; x_wconf 90' lang='lat' dir='ltr'>suum</span> <span class='ocrx_word' id='word_1_195' title='bbox 1269 2655 1306 2717; x_wconf 86' lang='lat' dir='ltr'>ad</span> <span class='ocrx_word' id='word_1_196' title='bbox 1321 2655 1499 2718; x_wconf 87' lang='lat' dir='ltr'>ordinandos</span> 
     </span>
     <span class='ocr_line' id='line_1_24' title="bbox 183 2744 1498 2843; baseline -0.002 -22"><span class='ocrx_word' id='word_1_197' title='bbox 183 2761 321 2823; x_wconf 82' lang='lat' dir='ltr'>admonet</span> <span class='ocrx_word' id='word_1_198' title='bbox 334 2777 388 2819; x_wconf 84' lang='lat' dir='ltr'>eos</span> <span class='ocrx_word' id='word_1_199' title='bbox 404 2757 520 2818; x_wconf 77' lang='lat' dir='ltr'>dicens:</span> <span class='ocrx_word' id='word_1_200' title='bbox 543 2744 790 2838; x_wconf 68' lang='lat' dir='ltr'>Consecrandi,</span> <span class='ocrx_word' id='word_1_201' title='bbox 812 2747 872 2818; x_wconf 90' lang='lat' dir='ltr'>filii</span> <span class='ocrx_word' id='word_1_202' title='bbox 886 2747 1109 2836; x_wconf 64' lang='lat' dir='ltr'>dilectissimi,</span> <span class='ocrx_word' id='word_1_203' title='bbox 1127 2747 1434 2843; x_wconf 77' lang='lat' dir='ltr'>inPresbpteratus</span> <span class='ocrx_word' id='word_1_204' title='bbox 1448 2747 1498 2820; x_wconf 90' lang='lat' dir='ltr'>oi-</span> 
     </span>
     <span class='ocr_line' id='line_1_25' title="bbox 181 2849 1497 2946; baseline -0.002 -23"><span class='ocrx_word' id='word_1_205' title='bbox 181 2851 316 2939; x_wconf 76' lang='grc' dir='ltr'><strong>ιιοιιιιιι,</strong></span> <span class='ocrx_word' id='word_1_206' title='bbox 330 2849 424 2921; x_wconf 89' lang='lat' dir='ltr'>illud</span> <span class='ocrx_word' id='word_1_207' title='bbox 446 2849 549 2941; x_wconf 80' lang='lat' dir='ltr'>digne</span> <span class='ocrx_word' id='word_1_208' title='bbox 569 2851 747 2944; x_wconf 84' lang='lat' dir='ltr'>suscipere</span> <span class='ocrx_word' id='word_1_209' title='bbox 768 2872 810 2919; x_wconf 93' lang='lat' dir='ltr'>ac</span> <span class='ocrx_word' id='word_1_210' title='bbox 831 2858 1027 2944; x_wconf 88' lang='lat' dir='ltr'>susceptum</span> <span class='ocrx_word' id='word_1_211' title='bbox 1045 2849 1262 2923; x_wconf 89' lang='lat' dir='ltr'>laudabiliter</span> <span class='ocrx_word' id='word_1_212' title='bbox 1280 2854 1409 2946; x_wconf 83' lang='lat' dir='ltr'>exequi</span> <span class='ocrx_word' id='word_1_213' title='bbox 1430 2860 1497 2924; x_wconf 90' lang='lat' dir='ltr'>stu-</span> 
     </span>
    </p>
   </div>
   <div class='ocr_carea' id='block_1_3' title="bbox 42 2936 1497 3059">
    <p class='ocr_par' dir='ltr' id='par_1_5' title="bbox 42 2936 1497 3059">
     <span class='ocr_line' id='line_1_26' title="bbox 42 2936 1497 3059; baseline -0.001 -34"><span class='ocrx_word' id='word_1_214' title='bbox 42 2936 48 2959; x_wconf 79' lang='grc'>’</span> <span class='ocrx_word' id='word_1_215' title='bbox 180 2954 298 3025; x_wconf 91' lang='lat' dir='ltr'>deatis</span> <span class='ocrx_word' id='word_1_216' title='bbox 353 2950 577 3022; x_wconf 86' lang='lat' dir='ltr'>Sacerdotem</span> <span class='ocrx_word' id='word_1_217' title='bbox 604 2952 746 3022; x_wconf 90' lang='lat' dir='ltr'>etenim</span> <span class='ocrx_word' id='word_1_218' title='bbox 755 2961 892 3059; x_wconf 87' lang='lat' dir='ltr'>oportet</span> <span class='ocrx_word' id='word_1_219' title='bbox 914 2951 1053 3041; x_wconf 76' lang='lat' dir='ltr'>offerre,</span> <span class='ocrx_word' id='word_1_220' title='bbox 1076 2950 1298 3044; x_wconf 60' lang='lat' dir='ltr'>benedicere</span> <span class='ocrx_word' id='word_1_221' title='bbox 1312 2974 1497 3048; x_wconf 76' lang='lat' dir='ltr'>praeesse,</span> 
     </span>
    </p>
   </div>
   <div class='ocr_carea' id='block_1_4' title="bbox 128 3051 1570 4687">
    <p class='ocr_par' dir='ltr' id='par_1_6' title="bbox 128 3051 1498 4680">
     <span class='ocr_line' id='line_1_27' title="bbox 180 3051 1497 3151; baseline 0.001 -25"><span class='ocrx_word' id='word_1_222' title='bbox 180 3053 382 3151; x_wconf 90' lang='lat' dir='ltr'>praedicare</span> <span class='ocrx_word' id='word_1_223' title='bbox 414 3063 449 3124; x_wconf 89' lang='lat' dir='ltr'>et</span> <span class='ocrx_word' id='word_1_224' title='bbox 476 3052 659 3146; x_wconf 80' lang='lat' dir='ltr'>baptizare</span> <span class='ocrx_word' id='word_1_225' title='bbox 714 3051 798 3124; x_wconf 79' lang='lat' dir='ltr'>Cum</span> <span class='ocrx_word' id='word_1_226' title='bbox 828 3074 954 3145; x_wconf 83' lang='lat' dir='ltr'>magno</span> <span class='ocrx_word' id='word_1_227' title='bbox 980 3056 1142 3149; x_wconf 86' lang='lat' dir='ltr'>quippe</span> <span class='ocrx_word' id='word_1_228' title='bbox 1145 3056 1269 3125; x_wconf 92' lang='lat' dir='ltr'>timore</span> <span class='ocrx_word' id='word_1_229' title='bbox 1298 3055 1342 3126; x_wconf 89' lang='lat' dir='ltr'>ad</span> <span class='ocrx_word' id='word_1_230' title='bbox 1370 3064 1497 3126; x_wconf 84' lang='lat' dir='ltr'>tmtum</span> 
     </span>
     <span class='ocr_line' id='line_1_28' title="bbox 181 3153 1498 3271; baseline -0.002 -44"><span class='ocrx_word' id='word_1_231' title='bbox 181 3157 325 3253; x_wconf 76' lang='lat' dir='ltr'>gradum</span> <span class='ocrx_word' id='word_1_232' title='bbox 353 3153 686 3227; x_wconf 90' lang='lat' dir='ltr'>ascendendumt</span> <span class='ocrx_word' id='word_1_233' title='bbox 632 3165 686 3228; x_wconf 86' lang='lat' dir='ltr'>est</span> <span class='ocrx_word' id='word_1_234' title='bbox 710 3177 752 3226; x_wconf 91' lang='lat' dir='ltr'>ac</span> <span class='ocrx_word' id='word_1_235' title='bbox 777 3154 1046 3251; x_wconf 75' lang='lat' dir='ltr'>providendum,</span> <span class='ocrx_word' id='word_1_236' title='bbox 1072 3164 1113 3225; x_wconf 94' lang='lat' dir='ltr'>ut</span> <span class='ocrx_word' id='word_1_237' title='bbox 1129 3156 1298 3234; x_wconf 87' lang='lat' dir='ltr'>coelestis</span> <span class='ocrx_word' id='word_1_238' title='bbox 1310 3159 1498 3271; x_wconf 69' lang='lat' dir='ltr'>sapientia,</span> 
     </span>
     <span class='ocr_line' id='line_1_29' title="bbox 179 3228 1495 3353; baseline -0.003 -23"><span class='ocrx_word' id='word_1_239' title='bbox 179 3257 280 3353; x_wconf 82' lang='lat' dir='ltr'>probi</span> <span class='ocrx_word' id='word_1_240' title='bbox 301 3277 417 3329; x_wconf 88' lang='lat' dir='ltr'>mores</span> <span class='ocrx_word' id='word_1_241' title='bbox 439 3265 486 3327; x_wconf 93' lang='lat' dir='ltr'>et</span> <span class='ocrx_word' id='word_1_242' title='bbox 492 3255 648 3327; x_wconf 91' lang='lat' dir='ltr'>diuturna</span> <span class='ocrx_word' id='word_1_243' title='bbox 669 3260 817 3330; x_wconf 89' lang='lat' dir='ltr'>iustitiae</span> <span class='ocrx_word' id='word_1_244' title='bbox 839 3257 1036 3330; x_wconf 83' lang='lat' dir='ltr'>observatio</span> <span class='ocrx_word' id='word_1_245' title='bbox 1060 3256 1154 3328; x_wconf 93' lang='lat' dir='ltr'>adid</span> <span class='ocrx_word' id='word_1_246' title='bbox 1175 3228 1321 3332; x_wconf 89' lang='lat' dir='ltr'>electos</span> <span class='ocrx_word' id='word_1_247' title='bbox 1325 3278 1495 3329; x_wconf 90' lang='lat' dir='ltr'>commcn-</span> 
     </span>
     <span class='ocr_line' id='line_1_30' title="bbox 179 3355 1496 3455; baseline 0 -25"><span class='ocrx_word' id='word_1_248' title='bbox 179 3360 271 3430; x_wconf 85' lang='lat' dir='ltr'>dent.</span> <span class='ocrx_word' id='word_1_249' title='bbox 316 3357 424 3430; x_wconf 93' lang='lat' dir='ltr'>Unde</span> <span class='ocrx_word' id='word_1_250' title='bbox 446 3356 613 3432; x_wconf 89' lang='lat' dir='ltr'>Dominus</span> <span class='ocrx_word' id='word_1_251' title='bbox 645 3357 861 3455; x_wconf 77' lang='lat' dir='ltr'>praecipiens</span> <span class='ocrx_word' id='word_1_252' title='bbox 882 3355 1017 3454; x_wconf 78' lang='lat' dir='ltr'>Moysi,</span> <span class='ocrx_word' id='word_1_253' title='bbox 1043 3369 1080 3432; x_wconf 93' lang='lat' dir='ltr'>ut</span> <span class='ocrx_word' id='word_1_254' title='bbox 1101 3357 1216 3431; x_wconf 84' lang='lat' dir='ltr'>txx</span> <span class='ocrx_word' id='word_1_255' title='bbox 1228 3358 1323 3432; x_wconf 79' lang='lat' dir='ltr'>viros</span> <span class='ocrx_word' id='word_1_256' title='bbox 1356 3359 1398 3429; x_wconf 95' lang='lat' dir='ltr'>de</span> <span class='ocrx_word' id='word_1_257' title='bbox 1420 3360 1496 3431; x_wconf 93' lang='lat' dir='ltr'>uni</span> 
     </span>
     <span class='ocr_line' id='line_1_31' title="bbox 180 3456 1497 3557; baseline -0.002 -25"><span class='ocrx_word' id='word_1_258' title='bbox 180 3480 285 3533; x_wconf 86' lang='lat' dir='ltr'>verso</span> <span class='ocrx_word' id='word_1_259' title='bbox 308 3459 453 3534; x_wconf 88' lang='lat' dir='ltr'>Israel</span> <span class='ocrx_word' id='word_1_260' title='bbox 443 3484 479 3533; x_wconf 91' lang='lat' dir='ltr'>ru</span> <span class='ocrx_word' id='word_1_261' title='bbox 506 3461 711 3533; x_wconf 89' lang='lat' dir='ltr'>adiutorium</span> <span class='ocrx_word' id='word_1_262' title='bbox 738 3456 1027 3555; x_wconf 70' lang='lat' dir='ltr'>samongeia,</span> <span class='ocrx_word' id='word_1_263' title='bbox 1061 3462 1183 3557; x_wconf 92' lang='lat' dir='ltr'>quibus</span> <span class='ocrx_word' id='word_1_264' title='bbox 1207 3458 1355 3556; x_wconf 75' lang='lat' dir='ltr'>Spiritus</span> <span class='ocrx_word' id='word_1_265' title='bbox 1378 3459 1497 3534; x_wconf 84' lang='lat' dir='ltr'>Sancti</span> 
     </span>
     <span class='ocr_line' id='line_1_32' title="bbox 181 3562 1494 3683; baseline 0 -49"><span class='ocrx_word' id='word_1_266' title='bbox 181 3562 272 3634; x_wconf 92' lang='lat' dir='ltr'>dona</span> <span class='ocrx_word' id='word_1_267' title='bbox 306 3562 476 3635; x_wconf 89' lang='lat' dir='ltr'>divideret</span> <span class='ocrx_word' id='word_1_268' title='bbox 504 3566 698 3654; x_wconf 82' lang='lat' dir='ltr'>suggessi·</span> <span class='ocrx_word' id='word_1_269' title='bbox 729 3584 816 3657; x_wconf 89' lang='lat' dir='ltr'>quos</span> <span class='ocrx_word' id='word_1_270' title='bbox 849 3573 889 3634; x_wconf 91' lang='lat' dir='ltr'>tu</span> <span class='ocrx_word' id='word_1_271' title='bbox 913 3566 1004 3638; x_wconf 89' lang='lat' dir='ltr'>nosti</span> <span class='ocrx_word' id='word_1_272' title='bbox 978 3564 1120 3658; x_wconf 89' lang='lat' dir='ltr'>tquod</span> <span class='ocrx_word' id='word_1_273' title='bbox 1142 3564 1386 3683; x_wconf 85' lang='lat' dir='ltr'>senes&#39;populi</span> <span class='ocrx_word' id='word_1_274' title='bbox 1407 3573 1494 3635; x_wconf 91' lang='lat' dir='ltr'>sunt.</span> 
     </span>
     <span class='ocr_line' id='line_1_33' title="bbox 179 3651 1495 3760; baseline -0.001 -24"><span class='ocrx_word' id='word_1_275' title='bbox 179 3663 254 3736; x_wconf 90' lang='lat' dir='ltr'>Vos</span> <span class='ocrx_word' id='word_1_276' title='bbox 282 3651 485 3758; x_wconf 91' lang='lat' dir='ltr'>siquidem</span> <span class='ocrx_word' id='word_1_277' title='bbox 476 3688 511 3735; x_wconf 95' lang='lat' dir='ltr'>m</span> <span class='ocrx_word' id='word_1_278' title='bbox 533 3664 629 3734; x_wconf 86' lang='lat' dir='ltr'>LXX</span> <span class='ocrx_word' id='word_1_279' title='bbox 654 3666 738 3739; x_wconf 82' lang='lat' dir='ltr'>viris</span> <span class='ocrx_word' id='word_1_280' title='bbox 761 3676 795 3749; x_wconf 78' lang='lat' dir='ltr'>et</span> <span class='ocrx_word' id='word_1_281' title='bbox 817 3663 955 3739; x_wconf 86' lang='lat' dir='ltr'>senibus</span> <span class='ocrx_word' id='word_1_282' title='bbox 981 3669 1106 3759; x_wconf 83' lang='lat' dir='ltr'>signati</span> <span class='ocrx_word' id='word_1_283' title='bbox 1127 3669 1228 3740; x_wconf 80' lang='lat' dir='ltr'>estis:</span> <span class='ocrx_word' id='word_1_284' title='bbox 1240 3668 1282 3740; x_wconf 91' lang='lat' dir='ltr'>si</span> <span class='ocrx_word' id='word_1_285' title='bbox 1307 3688 1370 3760; x_wconf 89' lang='lat' dir='ltr'>per</span> <span class='ocrx_word' id='word_1_286' title='bbox 1389 3663 1495 3760; x_wconf 88' lang='lat' dir='ltr'>Spiri-</span> 
     </span>
     <span class='ocr_line' id='line_1_34' title="bbox 179 3765 1496 3866; baseline -0.002 -26"><span class='ocrx_word' id='word_1_287' title='bbox 179 3778 249 3840; x_wconf 91' lang='lat' dir='ltr'>tum</span> <span class='ocrx_word' id='word_1_288' title='bbox 272 3765 519 3860; x_wconf 74' lang='lat' dir='ltr'>septiiormem</span> <span class='ocrx_word' id='word_1_289' title='bbox 546 3767 761 3860; x_wconf 86' lang='lat' dir='ltr'>Decalogum</span> <span class='ocrx_word' id='word_1_290' title='bbox 783 3767 872 3861; x_wconf 86' lang='lat' dir='ltr'>legis</span> <span class='ocrx_word' id='word_1_291' title='bbox 892 3769 1123 3843; x_wconf 89' lang='lat' dir='ltr'>custodientes</span> <span class='ocrx_word' id='word_1_292' title='bbox 1142 3767 1249 3866; x_wconf 85' lang='lat' dir='ltr'>probi</span> <span class='ocrx_word' id='word_1_293' title='bbox 1264 3776 1299 3839; x_wconf 90' lang='lat' dir='ltr'>et</span> <span class='ocrx_word' id='word_1_294' title='bbox 1318 3768 1470 3839; x_wconf 88' lang='lat' dir='ltr'>maturi</span> <span class='ocrx_word' id='word_1_295' title='bbox 1461 3789 1496 3837; x_wconf 92' lang='lat' dir='ltr'>m</span> 
     </span>
     <span class='ocr_line' id='line_1_35' title="bbox 179 3865 1495 3965; baseline -0.004 -22"><span class='ocrx_word' id='word_1_296' title='bbox 179 3868 323 3943; x_wconf 88' lang='lat' dir='ltr'>scicntia</span> <span class='ocrx_word' id='word_1_297' title='bbox 345 3869 561 3941; x_wconf 84' lang='lat' dir='ltr'>similitert</span> <span class='ocrx_word' id='word_1_298' title='bbox 526 3879 561 3941; x_wconf 91' lang='lat' dir='ltr'>et</span> <span class='ocrx_word' id='word_1_299' title='bbox 573 3891 693 3965; x_wconf 85' lang='lat' dir='ltr'>:opere</span> <span class='ocrx_word' id='word_1_300' title='bbox 716 3872 819 3944; x_wconf 85' lang='lat' dir='ltr'>eritis.</span> <span class='ocrx_word' id='word_1_301' title='bbox 873 3865 944 3943; x_wconf 85' lang='lat' dir='ltr'>Sub</span> <span class='ocrx_word' id='word_1_302' title='bbox 965 3870 1105 3943; x_wconf 92' lang='lat' dir='ltr'>eodem</span> <span class='ocrx_word' id='word_1_303' title='bbox 1102 3892 1252 3965; x_wconf 91' lang='lat' dir='ltr'>quoque</span> <span class='ocrx_word' id='word_1_304' title='bbox 1271 3869 1437 3964; x_wconf 75' lang='lat' dir='ltr'>mysterio</span> <span class='ocrx_word' id='word_1_305' title='bbox 1460 3870 1495 3938; x_wconf 82' lang='lat' dir='ltr'>et</span> 
     </span>
     <span class='ocr_line' id='line_1_36' title="bbox 179 3967 1494 4069; baseline -0.002 -26"><span class='ocrx_word' id='word_1_306' title='bbox 179 3967 301 4043; x_wconf 90' lang='lat' dir='ltr'>eadem</span> <span class='ocrx_word' id='word_1_307' title='bbox 322 3968 464 4062; x_wconf 82' lang='lat' dir='ltr'>figura</span> <span class='ocrx_word' id='word_1_308' title='bbox 454 3993 490 4042; x_wconf 92' lang='lat' dir='ltr'>m</span> <span class='ocrx_word' id='word_1_309' title='bbox 504 3992 619 4043; x_wconf 86' lang='lat' dir='ltr'>novo</span> <span class='ocrx_word' id='word_1_310' title='bbox 625 3980 830 4045; x_wconf 90' lang='lat' dir='ltr'>testamento</span> <span class='ocrx_word' id='word_1_311' title='bbox 849 3971 1016 4046; x_wconf 88' lang='lat' dir='ltr'>Dominus</span> <span class='ocrx_word' id='word_1_312' title='bbox 1034 3974 1249 4069; x_wconf 88' lang='lat' dir='ltr'>septuaginta</span> <span class='ocrx_word' id='word_1_313' title='bbox 1268 3969 1356 4044; x_wconf 91' lang='lat' dir='ltr'>duos</span> <span class='ocrx_word' id='word_1_314' title='bbox 1373 3970 1494 4062; x_wconf 63' lang='lat' dir='ltr'>elegit„</span> 
     </span>
     <span class='ocr_line' id='line_1_37' title="bbox 178 4071 1494 4171; baseline -0.002 -28"><span class='ocrx_word' id='word_1_315' title='bbox 178 4094 240 4143; x_wconf 92' lang='lat' dir='ltr'>ac</span> <span class='ocrx_word' id='word_1_316' title='bbox 253 4071 353 4144; x_wconf 88' lang='lat' dir='ltr'>binos</span> <span class='ocrx_word' id='word_1_317' title='bbox 376 4082 454 4144; x_wconf 92' lang='lat' dir='ltr'>ante</span> <span class='ocrx_word' id='word_1_318' title='bbox 476 4093 516 4145; x_wconf 89' lang='lat' dir='ltr'>se</span> <span class='ocrx_word' id='word_1_319' title='bbox 537 4076 573 4145; x_wconf 93' lang='lat' dir='ltr'>in</span> <span class='ocrx_word' id='word_1_320' title='bbox 589 4073 888 4171; x_wconf 86' lang='lat' dir='ltr'>praedicationem</span> <span class='ocrx_word' id='word_1_321' title='bbox 901 4077 1009 4155; x_wconf 72' lang='lat' dir='ltr'>misitz</span> <span class='ocrx_word' id='word_1_322' title='bbox 1036 4085 1076 4147; x_wconf 88' lang='lat' dir='ltr'>ut</span> <span class='ocrx_word' id='word_1_323' title='bbox 1082 4074 1242 4147; x_wconf 81' lang='lat' dir='ltr'>doceret</span> <span class='ocrx_word' id='word_1_324' title='bbox 1253 4071 1371 4146; x_wconf 85' lang='lat' dir='ltr'>verbo</span> <span class='ocrx_word' id='word_1_325' title='bbox 1394 4071 1494 4145; x_wconf 89' lang='lat' dir='ltr'>simul</span> 
     </span>
     <span class='ocr_line' id='line_1_38' title="bbox 178 4162 1496 4272; baseline 0 -27"><span class='ocrx_word' id='word_1_326' title='bbox 178 4183 214 4245; x_wconf 91' lang='lat' dir='ltr'>et</span> <span class='ocrx_word' id='word_1_327' title='bbox 226 4173 339 4265; x_wconf 75' lang='lat' dir='ltr'>iacto,</span> <span class='ocrx_word' id='word_1_328' title='bbox 359 4176 532 4249; x_wconf 85' lang='lat' dir='ltr'>ministros</span> <span class='ocrx_word' id='word_1_329' title='bbox 553 4177 724 4250; x_wconf 88' lang='lat' dir='ltr'>ecclesiae</span> <span class='ocrx_word' id='word_1_330' title='bbox 745 4196 829 4249; x_wconf 92' lang='lat' dir='ltr'>suae</span> <span class='ocrx_word' id='word_1_331' title='bbox 847 4165 915 4248; x_wconf 86' lang='lat' dir='ltr'>fide</span> <span class='ocrx_word' id='word_1_332' title='bbox 935 4186 970 4248; x_wconf 91' lang='lat' dir='ltr'>et</span> <span class='ocrx_word' id='word_1_333' title='bbox 990 4199 1105 4272; x_wconf 88' lang='lat' dir='ltr'>opere</span> <span class='ocrx_word' id='word_1_334' title='bbox 1117 4162 1246 4253; x_wconf 83' lang='lat' dir='ltr'>debere</span> <span class='ocrx_word' id='word_1_335' title='bbox 1263 4192 1343 4249; x_wconf 88' lang='lat' dir='ltr'>esse</span> <span class='ocrx_word' id='word_1_336' title='bbox 1359 4171 1496 4270; x_wconf 77' lang='lat' dir='ltr'>perfec</span> 
     </span>
     <span class='ocr_line' id='line_1_39' title="bbox 177 4272 1494 4375; baseline -0.003 -27"><span class='ocrx_word' id='word_1_337' title='bbox 177 4285 247 4363; x_wconf 69' lang='lat' dir='ltr'>tos</span> <span class='ocrx_word' id='word_1_338' title='bbox 269 4297 330 4348; x_wconf 91' lang='lat' dir='ltr'>seu</span> <span class='ocrx_word' id='word_1_339' title='bbox 357 4281 514 4370; x_wconf 85' lang='lat' dir='ltr'>geminae</span> <span class='ocrx_word' id='word_1_340' title='bbox 540 4279 732 4358; x_wconf 87' lang='lat' dir='ltr'>dilectionis</span> <span class='ocrx_word' id='word_1_341' title='bbox 751 4277 818 4350; x_wconf 91' lang='lat' dir='ltr'>Dei</span> <span class='ocrx_word' id='word_1_342' title='bbox 839 4280 971 4353; x_wconf 87' lang='lat' dir='ltr'>scilicet</span> <span class='ocrx_word' id='word_1_343' title='bbox 996 4288 1031 4350; x_wconf 89' lang='lat' dir='ltr'>et</span> <span class='ocrx_word' id='word_1_344' title='bbox 1052 4279 1201 4375; x_wconf 86' lang='lat' dir='ltr'>proximi</span> <span class='ocrx_word' id='word_1_345' title='bbox 1214 4274 1348 4350; x_wconf 88' lang='lat' dir='ltr'>virtute</span> <span class='ocrx_word' id='word_1_346' title='bbox 1373 4272 1494 4346; x_wconf 87' lang='lat' dir='ltr'>funda-</span> 
     </span>
     <span class='ocr_line' id='line_1_40' title="bbox 177 4365 1496 4475; baseline -0.002 -26"><span class='ocrx_word' id='word_1_347' title='bbox 177 4385 246 4449; x_wconf 87' lang='lat' dir='ltr'>tos</span> <span class='ocrx_word' id='word_1_348' title='bbox 282 4376 386 4451; x_wconf 88' lang='lat' dir='ltr'>Tales</span> <span class='ocrx_word' id='word_1_349' title='bbox 405 4381 521 4475; x_wconf 92' lang='lat' dir='ltr'>itaque</span> <span class='ocrx_word' id='word_1_350' title='bbox 546 4401 625 4454; x_wconf 90' lang='lat' dir='ltr'>csse</span> <span class='ocrx_word' id='word_1_351' title='bbox 648 4378 812 4455; x_wconf 91' lang='lat' dir='ltr'>studeatis</span> <span class='ocrx_word' id='word_1_352' title='bbox 831 4383 898 4452; x_wconf 91' lang='lat' dir='ltr'>ut</span> <span class='ocrx_word' id='word_1_353' title='bbox 889 4403 925 4452; x_wconf 91' lang='lat' dir='ltr'>m</span> <span class='ocrx_word' id='word_1_354' title='bbox 944 4375 1147 4466; x_wconf 84' lang='lat' dir='ltr'>adiutorium</span> <span class='ocrx_word' id='word_1_355' title='bbox 1165 4365 1305 4474; x_wconf 75' lang='lat' dir='ltr'>Moysi</span> <span class='ocrx_word' id='word_1_356' title='bbox 1304 4387 1339 4449; x_wconf 89' lang='lat' dir='ltr'>et</span> <span class='ocrx_word' id='word_1_357' title='bbox 1364 4374 1496 4448; x_wconf 92' lang='lat' dir='ltr'>duode-</span> 
     </span>
     <span class='ocr_line' id='line_1_41' title="bbox 128 4475 1570 4580; baseline -0.001 -30"><span class='ocrx_word' id='word_1_358' title='bbox 128 4562 133 4570; x_wconf 92' lang='lat'>.</span> <span class='ocrx_word' id='word_1_359' title='bbox 179 4480 245 4550; x_wconf 89' lang='lat' dir='ltr'>cim</span> <span class='ocrx_word' id='word_1_360' title='bbox 257 4478 524 4574; x_wconf 85' lang='lat' dir='ltr'>Apostolorum,</span> <span class='ocrx_word' id='word_1_361' title='bbox 531 4480 789 4580; x_wconf 81' lang='lat' dir='ltr'>Episcoporum</span> <span class='ocrx_word' id='word_1_362' title='bbox 794 4479 966 4554; x_wconf 79' lang='lat' dir='ltr'>mdebcet</span> <span class='ocrx_word' id='word_1_363' title='bbox 968 4479 1244 4577; x_wconf 70' lang='lat' dir='ltr'>Gathohoorum,</span> <span class='ocrx_word' id='word_1_364' title='bbox 1250 4480 1309 4576; x_wconf 90' lang='lat' dir='ltr'>qui</span> <span class='ocrx_word' id='word_1_365' title='bbox 1322 4500 1386 4575; x_wconf 91' lang='lat' dir='ltr'>per</span> <span class='ocrx_word' id='word_1_366' title='bbox 1395 4475 1570 4571; x_wconf 80' lang='lat' dir='ltr'>Moy</span> 
     </span>
     <span class='ocr_line' id='line_1_42' title="bbox 179 4565 1493 4687; baseline -0.002 -33"><span class='ocrx_word' id='word_1_367' title='bbox 179 4600 242 4654; x_wconf 88' lang='lat' dir='ltr'>sen</span> <span class='ocrx_word' id='word_1_368' title='bbox 265 4592 299 4680; x_wconf 82' lang='lat' dir='ltr'>et</span> <span class='ocrx_word' id='word_1_369' title='bbox 320 4581 512 4677; x_wconf 84' lang='lat' dir='ltr'>Apostolos</span> <span class='ocrx_word' id='word_1_370' title='bbox 537 4581 738 4687; x_wconf 69' lang='lat' dir='ltr'>figurantur,</span> <span class='ocrx_word' id='word_1_371' title='bbox 764 4565 868 4677; x_wconf 85' lang='lat' dir='ltr'>digne</span> <span class='ocrx_word' id='word_1_372' title='bbox 893 4578 1119 4680; x_wconf 82' lang='lat' dir='ltr'>pergratiam</span> <span class='ocrx_word' id='word_1_373' title='bbox 1140 4581 1312 4682; x_wconf 79' lang='lat' dir='ltr'>Deieligi</span> <span class='ocrx_word' id='word_1_374' title='bbox 1336 4580 1493 4652; x_wconf 83' lang='lat' dir='ltr'>valeatis.</span> 
     </span>
    </p>
   </div>
   <div class='ocr_carea' id='block_1_5' title="bbox 0 0 1606 5176">
    <p class='ocr_par' dir='ltr' id='par_1_7' title="bbox 0 0 1606 5176">
     <span class='ocr_line' id='line_1_43' title="bbox 0 0 1606 5176; baseline 0 4"><span class='ocrx_word' id='word_1_375' title='bbox 0 0 1606 5176; x_wconf 95' lang='lat' dir='ltr'> </span> 
     </span>
    </p>
   </div>
  </div>
 </body>
</html>
